timestamp,price,quantity,side
1735657205071,0.31582,249.0,ask
1735657205073,0.31583,500.0,bid
1735657205077,0.31582,41407.0,ask
1735657205094,0.31583,275.0,bid
1735657205103,0.31582,5710.0,ask
1735657205208,0.31582,9071.0,ask
1735657205304,0.31583,630.0,bid
1735657205307,0.31582,9572.0,ask
1735657205307,0.31581,23127.0,ask
1735657205307,0.31580,68790.0,ask
1735657205324,0.31582,858.0,bid
1735657205326,0.31580,21855.0,ask
1735657205370,0.31579,2173.0,ask
1735657205445,0.31578,460.0,ask
1735657205449,0.31577,14142.0,ask
1735657205507,0.31578,679.0,bid
1735657205555,0.31580,140.0,bid
1735657205619,0.31576,18.0,ask
1735657205672,0.31577,69.0,bid
1735657205813,0.31576,2703.0,ask
1735657205864,0.31575,3689.0,ask
1735657205864,0.31574,489.0,ask
1735657206414,0.31575,27423.0,bid
1735657206504,0.31574,3114.0,ask
1735657206551,0.31573,8918.0,ask
1735657206552,0.31572,16515.0,ask
1735657206552,0.31571,5780.0,ask
1735657206578,0.31570,35907.0,ask
1735657206923,0.31570,222.0,bid
1735657207035,0.31569,15219.0,ask
1735657207038,0.31569,221.0,bid
1735657207044,0.31568,15232.0,ask
1735657207048,0.31567,13586.0,ask
1735657207332,0.31567,5215.0,ask
1735657207545,0.31567,57526.0,ask
1735657207551,0.31566,228.0,ask
1735657207562,0.31565,36872.0,ask
1735657207598,0.31564,10503.0,ask
1735657207605,0.31563,10543.0,ask
1735657207608,0.31563,63.0,bid
1735657207614,0.31562,37876.0,ask
1735657207624,0.31561,9091.0,ask
1735657207636,0.31560,33603.0,ask
1735657207644,0.31559,34793.0,ask
1735657207749,0.31558,3264.0,ask
1735657208049,0.31558,8779.0,ask
1735657208052,0.31559,74.0,bid
1735657208192,0.31558,216.0,ask
1735657208700,0.31559,41176.0,bid
1735657208767,0.31560,2930.0,bid
1735657208817,0.31559,22177.0,ask
1735657208895,0.31560,322.0,bid
1735657209054,0.31560,17578.0,bid
1735657209390,0.31563,158.0,bid
1735657209610,0.31562,423.0,ask
1735657209742,0.31562,4602.0,ask
1735657209920,0.31562,2475.0,ask
1735657210212,0.31562,262.0,ask
1735657211242,0.31562,12328.0,ask
1735657211333,0.31561,4181.0,ask
1735657211377,0.31560,16.0,ask
1735657211377,0.31559,56.0,ask
1735657211490,0.31558,6479.0,ask
1735657211585,0.31557,9969.0,ask
1735657211585,0.31556,26787.0,ask
1735657211586,0.31555,5124.0,ask
1735657211591,0.31554,528.0,ask
1735657211751,0.31554,4395.0,ask
1735657212050,0.31554,4440.0,ask
1735657212196,0.31555,316.0,bid
1735657212341,0.31554,65.0,ask
1735657212573,0.31554,4623.0,ask
1735657212748,0.31554,40424.0,ask
1735657212751,0.31553,156.0,ask
1735657212751,0.31552,24476.0,ask
1735657212751,0.31551,29244.0,ask
1735657212752,0.31550,9292.0,ask
1735657212853,0.31551,506.0,bid
1735657212923,0.31550,93967.0,ask
1735657213085,0.31550,1033.0,ask
1735657213211,0.31550,785.0,ask
1735657213350,0.31550,1380.0,ask
1735657213514,0.31550,2757.0,ask
1735657213655,0.31550,936.0,ask
1735657213976,0.31550,1583.0,ask
1735657214120,0.31550,576.0,ask
1735657214246,0.31550,26.0,ask
1735657214294,0.31551,32.0,bid
1735657214728,0.31550,82241.0,ask
1735657214762,0.31549,5733.0,ask
1735657214764,0.31548,761.0,ask
1735657214767,0.31547,138.0,ask
1735657214815,0.31546,2109.0,ask
1735657214885,0.31545,6668.0,ask
1735657215003,0.31545,121.0,ask
1735657215115,0.31545,12.0,ask
1735657215413,0.31545,5141.0,ask
1735657215519,0.31545,216.0,ask
1735657215799,0.31545,2591.0,ask
1735657215839,0.31546,35.0,bid
1735657216016,0.31545,27284.0,ask
1735657216027,0.31544,32.0,ask
1735657216027,0.31543,249.0,ask
1735657216087,0.31543,96.0,bid
1735657216142,0.31542,475.0,ask
1735657216162,0.31541,420.0,ask
1735657216270,0.31540,20.0,ask
1735657216497,0.31541,19.0,bid
1735657216556,0.31540,216.0,ask
1735657216616,0.31541,5743.0,bid
1735657216719,0.31540,1155.0,ask
1735657216733,0.31541,31.0,bid
1735657217107,0.31540,502.0,ask
1735657217156,0.31541,1.0,bid
1735657217242,0.31540,2359.0,ask
1735657217356,0.31540,574.0,ask
1735657217359,0.31541,1899.0,bid
1735657217399,0.31540,237.0,ask
1735657217526,0.31540,36.0,ask
1735657217555,0.31541,37918.0,bid
1735657217566,0.31543,267.0,bid
1735657217593,0.31545,32.0,bid
1735657217612,0.31545,2302.0,ask
1735657217647,0.31546,10838.0,bid
1735657217729,0.31547,2739.0,bid
1735657217750,0.31548,48.0,bid
1735657217750,0.31549,64.0,bid
1735657217797,0.31550,32.0,bid
1735657217813,0.31550,505.0,ask
1735657217839,0.31551,5220.0,bid
1735657217849,0.31552,10474.0,bid
1735657217868,0.31553,32.0,bid
1735657217997,0.31553,1837.0,ask
1735657218037,0.31554,6329.0,bid
1735657218037,0.31553,15072.0,ask
1735657218275,0.31553,209.0,ask
1735657218473,0.31553,214.0,ask
1735657218600,0.31553,9269.0,ask
1735657218613,0.31552,2289.0,ask
1735657218948,0.31551,353.0,ask
1735657219232,0.31552,55.0,bid
1735657219383,0.31551,16.0,ask
1735657219501,0.31551,1892.0,ask
1735657220013,0.31551,5299.0,ask
1735657220050,0.31552,291.0,bid
1735657220196,0.31551,160.0,ask
1735657220368,0.31551,7.0,ask
1735657220576,0.31552,1561.0,bid
1735657220695,0.31551,668.0,ask
1735657220843,0.31551,13358.0,ask
1735657220851,0.31550,32.0,ask
1735657220947,0.31549,26335.0,ask
1735657220947,0.31548,35513.0,ask
1735657220947,0.31547,25655.0,ask
1735657221177,0.31548,59.0,bid
1735657221254,0.31547,87492.0,ask
1735657221254,0.31546,235.0,ask
1735657221337,0.31547,1377.0,ask
1735657221793,0.31548,94.0,bid
1735657221905,0.31548,232.0,bid
1735657221924,0.31547,105.0,ask
1735657222365,0.31548,45.0,bid
1735657222500,0.31548,200.0,bid
1735657222629,0.31548,213.0,bid
1735657222637,0.31547,382.0,ask
1735657222642,0.31548,457.0,bid
1735657222746,0.31548,111.0,bid
1735657222941,0.31547,3818.0,ask
1735657223081,0.31548,1291.0,bid
1735657223356,0.31547,10.0,ask
1735657223509,0.31547,158.0,ask
1735657223679,0.31547,3821.0,ask
1735657223806,0.31547,891.0,ask
1735657224031,0.31548,3225.0,bid
1735657224209,0.31547,2855.0,ask
1735657224213,0.31546,2321.0,ask
1735657224215,0.31545,32.0,ask
1735657224649,0.31545,385.0,bid
1735657224668,0.31546,20.0,ask
1735657224712,0.31547,2631.0,bid
1735657224723,0.31548,11887.0,bid
1735657224727,0.31549,32.0,bid
1735657224768,0.31550,4264.0,bid
1735657224811,0.31549,55416.0,ask
1735657224983,0.31549,473.0,ask
1735657225111,0.31549,32.0,ask
1735657225124,0.31550,12394.0,bid
1735657225129,0.31551,32.0,bid
1735657225166,0.31552,2500.0,bid
1735657225277,0.31551,20.0,ask
1735657225526,0.31552,16778.0,bid
1735657225526,0.31553,96.0,bid
1735657225526,0.31554,5126.0,bid
1735657225644,0.31554,2800.0,bid
1735657225647,0.31555,83.0,bid
1735657225647,0.31556,96.0,bid
1735657225671,0.31557,2752.0,bid
1735657225777,0.31557,50.0,bid
1735657225888,0.31557,115.0,bid
1735657225991,0.31556,1883.0,ask
1735657226044,0.31557,1530.0,bid
1735657226104,0.31558,3233.0,bid
1735657226115,0.31559,17072.0,bid
1735657226132,0.31560,3218.0,bid
1735657226171,0.31561,49.0,bid
1735657226190,0.31562,32519.0,bid
1735657226240,0.31563,4064.0,bid
1735657226261,0.31564,157.0,bid
1735657226261,0.31565,679.0,bid
1735657226496,0.31565,13.0,ask
1735657226614,0.31565,20.0,ask
1735657226760,0.31565,16185.0,ask
1735657226789,0.31565,1066.0,bid
1735657227259,0.31564,632.0,ask
1735657228152,0.31565,9534.0,bid
1735657228206,0.31566,3603.0,bid
1735657228208,0.31567,424.0,bid
1735657228228,0.31568,32.0,bid
1735657228230,0.31569,791.0,bid
1735657228307,0.31569,3325.0,ask
1735657228422,0.31570,7898.0,bid
1735657228788,0.31569,12939.0,ask
1735657228807,0.31567,11615.0,ask
1735657229046,0.31567,49.0,bid
1735657229154,0.31566,2457.0,ask
1735657229365,0.31566,11.0,ask
1735657229580,0.31567,82.0,bid
1735657229719,0.31567,229.0,bid
1735657229916,0.31566,44.0,ask
1735657229961,0.31567,81.0,bid
1735657230063,0.31566,16687.0,ask
1735657230069,0.31565,32.0,ask
1735657230164,0.31564,7044.0,ask
1735657230746,0.31565,211.0,bid
1735657231183,0.31564,314.0,ask
1735657231518,0.31564,314.0,ask
1735657231586,0.31565,42.0,bid
1735657231848,0.31564,26.0,ask
1735657231969,0.31565,16171.0,bid
1735657231972,0.31566,16.0,bid
1735657232047,0.31567,10067.0,bid
1735657232084,0.31569,48.0,bid
1735657232141,0.31570,300.0,bid
1735657232170,0.31571,32.0,bid
1735657232298,0.31572,702.0,bid
1735657232305,0.31571,464.0,ask
1735657232436,0.31571,17.0,ask
1735657233941,0.31572,22.0,bid
1735657234133,0.31571,1120.0,ask
1735657234136,0.31570,9780.0,ask
1735657234207,0.31567,49.0,ask
1735657234985,0.31566,18849.0,ask
1735657235186,0.31566,27381.0,ask
1735657235193,0.31565,46242.0,ask
1735657235356,0.31565,50.0,ask
1735657235398,0.31564,10.0,ask
1735657235731,0.31564,3507.0,ask
1735657235792,0.31563,27.0,ask
1735657236293,0.31564,5469.0,bid
1735657236890,0.31565,3756.0,bid
1735657236892,0.31566,1712.0,bid
1735657237167,0.31566,212.0,ask
1735657237271,0.31566,94035.0,ask
1735657237271,0.31565,5363.0,ask
1735657237379,0.31565,1280.0,ask
1735657237689,0.31565,35692.0,ask
1735657237689,0.31564,7504.0,ask
1735657237689,0.31563,7450.0,ask
1735657237689,0.31562,32040.0,ask
1735657237689,0.31561,17080.0,ask
1735657237968,0.31562,130.0,bid
1735657238368,0.31561,12.0,ask
1735657238998,0.31561,4000.0,ask
1735657239414,0.31562,26451.0,bid
1735657239420,0.31563,29305.0,bid
1735657239698,0.31562,31058.0,ask
1735657239820,0.31563,359.0,bid
1735657240465,0.31563,2500.0,bid
1735657241137,0.31562,9595.0,ask
1735657241402,0.31563,31.0,bid
1735657241659,0.31562,1584.0,ask
1735657242662,0.31562,331.0,ask
1735657242742,0.31563,80153.0,bid
1735657242751,0.31564,305.0,bid
1735657242751,0.31565,32.0,bid
1735657242751,0.31566,1173.0,bid
1735657242751,0.31567,75.0,bid
1735657242946,0.31567,687.0,bid
1735657243220,0.31566,523.0,ask
1735657243371,0.31566,460.0,ask
1735657243511,0.31567,63.0,bid
1735657244319,0.31566,344.0,ask
1735657244893,0.31567,3765.0,bid
1735657245071,0.31567,2500.0,bid
1735657245307,0.31567,12847.0,bid
1735657245311,0.31568,55.0,bid
1735657245318,0.31569,154.0,bid
1735657245760,0.31570,906.0,bid
1735657245996,0.31569,570.0,ask
1735657246141,0.31569,158.0,ask
1735657246565,0.31569,28.0,ask
1735657247220,0.31569,114.0,ask
1735657247422,0.31569,95.0,ask
1735657248251,0.31570,1589.0,bid
1735657248878,0.31570,712.0,bid
1735657249931,0.31569,357.0,ask
1735657250060,0.31569,1249.0,ask
1735657250216,0.31569,1622.0,ask
1735657250551,0.31569,769.0,ask
1735657250637,0.31570,314.0,bid
1735657250649,0.31569,16288.0,ask
1735657250653,0.31568,2342.0,ask
1735657250673,0.31567,10000.0,ask
1735657250691,0.31566,1248.0,ask
1735657250696,0.31565,64.0,ask
1735657250773,0.31564,12991.0,ask
1735657250883,0.31565,16.0,bid
1735657251203,0.31564,473.0,ask
1735657251355,0.31565,49.0,bid
1735657251376,0.31564,12934.0,ask
1735657251376,0.31563,8694.0,ask
1735657251376,0.31562,10374.0,ask
1735657251376,0.31561,3271.0,ask
1735657251376,0.31560,4113.0,ask
1735657251477,0.31561,2658.0,bid
1735657251604,0.31560,54405.0,ask
1735657251604,0.31559,13826.0,ask
1735657251604,0.31558,26584.0,ask
1735657251611,0.31559,1030.0,bid
1735657251725,0.31559,4143.0,bid
1735657251814,0.31560,3457.0,ask
1735657251930,0.31561,81.0,bid
1735657251930,0.31562,32.0,bid
1735657251970,0.31562,27110.0,ask
1735657252056,0.31563,478.0,bid
1735657252973,0.31563,3908.0,bid
1735657252975,0.31564,32.0,bid
1735657253124,0.31565,1806.0,bid
1735657253134,0.31566,51.0,bid
1735657253141,0.31567,32.0,bid
1735657253165,0.31568,32.0,bid
1735657253395,0.31569,83.0,bid
1735657253395,0.31570,2080.0,bid
1735657253396,0.31571,78.0,bid
1735657253530,0.31571,364.0,bid
1735657253740,0.31570,94.0,ask
1735657253784,0.31571,2811.0,bid
1735657253806,0.31572,75.0,bid
1735657253806,0.31573,12433.0,bid
1735657253815,0.31574,7086.0,bid
1735657253875,0.31575,6670.0,bid
1735657253887,0.31576,1586.0,bid
1735657253905,0.31577,115.0,bid
1735657253939,0.31578,1027.0,bid
1735657253939,0.31579,2329.0,bid
1735657253941,0.31580,1127.0,bid
1735657254367,0.31581,328.0,bid
1735657254421,0.31581,28232.0,ask
1735657254902,0.31582,534.0,bid
1735657255008,0.31581,95.0,ask
1735657255703,0.31581,22.0,ask
1735657256098,0.31582,2437.0,bid
1735657256100,0.31583,1063.0,bid
1735657256152,0.31584,32.0,bid
1735657256939,0.31585,31115.0,bid
1735657257281,0.31585,13703.0,bid
1735657257292,0.31586,4611.0,bid
1735657257303,0.31587,137.0,bid
1735657257526,0.31588,63.0,bid
1735657257668,0.31588,2311.0,bid
1735657257778,0.31588,63.0,bid
1735657257932,0.31588,3165.0,bid
1735657257938,0.31587,443.0,ask
1735657258293,0.31587,114.0,ask
1735657258444,0.31587,19.0,ask
1735657258633,0.31587,1660.0,ask
1735657259422,0.31588,94.0,bid
1735657260018,0.31588,1434.0,bid
1735657260023,0.31589,12777.0,bid
1735657260023,0.31590,4336.0,bid
1735657260023,0.31591,1611.0,bid
1735657260023,0.31592,5598.0,bid
1735657260031,0.31591,116.0,ask
1735657260184,0.31592,7382.0,bid
1735657260470,0.31591,41.0,ask
1735657260827,0.31592,776.0,bid
1735657260960,0.31592,250.0,bid
1735657261319,0.31592,22.0,bid
1735657261442,0.31591,10.0,ask
1735657261924,0.31591,25029.0,ask
1735657261931,0.31590,317.0,ask
1735657262016,0.31589,32.0,ask
1735657262033,0.31589,569.0,bid
1735657262231,0.31588,6769.0,ask
1735657262767,0.31589,17884.0,bid
1735657262781,0.31591,6694.0,bid
1735657262783,0.31592,3348.0,bid
1735657263879,0.31591,179.0,ask
1735657264099,0.31592,2500.0,bid
1735657264168,0.31591,36.0,ask
1735657264355,0.31591,316.0,ask
1735657264587,0.31591,6.0,ask
1735657264668,0.31592,8938.0,bid
1735657264671,0.31593,1779.0,bid
1735657264672,0.31594,13860.0,bid
1735657264686,0.31595,38.0,bid
1735657264740,0.31596,1053.0,bid
1735657264740,0.31597,28186.0,bid
1735657264767,0.31598,24860.0,bid
1735657264777,0.31599,97567.0,bid
1735657264833,0.31598,64.0,ask
1735657264848,0.31599,2704.0,bid
1735657264867,0.31600,3705.0,bid
1735657264867,0.31601,1157.0,bid
1735657264868,0.31602,24000.0,bid
1735657264913,0.31603,2000.0,bid
1735657265199,0.31604,526.0,bid
1735657265554,0.31604,1958.0,bid
1735657265665,0.31604,3164.0,bid
1735657265827,0.31604,32.0,bid
1735657265949,0.31604,5359.0,bid
1735657266400,0.31603,2533.0,ask
1735657266595,0.31603,21.0,ask
1735657266860,0.31603,22884.0,ask
1735657266860,0.31602,8395.0,ask
1735657266864,0.31601,5374.0,ask
1735657266881,0.31600,5779.0,ask
1735657266965,0.31598,32.0,ask
1735657267758,0.31597,3971.0,ask
1735657267852,0.31596,6239.0,ask
1735657267855,0.31595,32192.0,ask
1735657267866,0.31594,85.0,ask
1735657267897,0.31594,82.0,bid
1735657267947,0.31593,1257.0,ask
1735657267968,0.31592,2295.0,ask
1735657267968,0.31591,21220.0,ask
1735657267979,0.31590,32.0,ask
1735657268009,0.31589,20475.0,ask
1735657268028,0.31589,6308.0,bid
1735657268028,0.31588,12482.0,ask
1735657268126,0.31587,696.0,ask
1735657268246,0.31586,48.0,ask
1735657268508,0.31585,33074.0,ask
1735657268563,0.31584,6709.0,ask
1735657268893,0.31584,1541.0,bid
1735657269070,0.31583,36.0,ask
1735657269774,0.31584,7477.0,bid
1735657269817,0.31583,6363.0,ask
1735657269899,0.31582,80.0,ask
1735657270164,0.31582,94897.0,bid
1735657270164,0.31583,55048.0,bid
1735657270466,0.31582,236.0,ask
1735657270816,0.31583,1418.0,bid
1735657270864,0.31584,8134.0,bid
1735657270883,0.31585,4551.0,bid
1735657270897,0.31586,32.0,bid
1735657270966,0.31587,514.0,bid
1735657271136,0.31586,133.0,ask
1735657271175,0.31587,18.0,bid
1735657271274,0.31586,22975.0,ask
1735657271280,0.31585,12192.0,ask
1735657271384,0.31584,147.0,ask
1735657271417,0.31583,2533.0,ask
1735657271471,0.31584,575.0,bid
1735657271865,0.31583,16.0,ask
1735657271881,0.31582,527.0,ask
1735657271982,0.31581,32812.0,ask
1735657272436,0.31580,59.0,ask
1735657272984,0.31580,3100.0,ask
1735657272990,0.31579,1380.0,ask
1735657272993,0.31578,48.0,ask
1735657273607,0.31578,1584.0,bid
1735657273608,0.31577,3669.0,ask
1735657273868,0.31578,11584.0,bid
1735657274021,0.31581,638.0,bid
1735657274021,0.31582,64.0,bid
1735657274039,0.31582,36.0,ask
1735657274330,0.31583,245.0,bid
1735657274382,0.31584,32.0,bid
1735657274633,0.31584,52179.0,ask
1735657274737,0.31584,1277.0,ask
1735657274894,0.31584,51970.0,ask
1735657274999,0.31584,1290.0,ask
1735657275490,0.31585,22.0,bid
1735657275554,0.31584,466.0,ask
1735657275644,0.31585,14512.0,bid
1735657275699,0.31586,64.0,bid
1735657275717,0.31587,765.0,bid
1735657275717,0.31588,64.0,bid
1735657275833,0.31589,22.0,bid
1735657276044,0.31589,58.0,bid
1735657276164,0.31589,11.0,ask
1735657276221,0.31590,160.0,bid
1735657276577,0.31589,194.0,ask
1735657276629,0.31590,3325.0,bid
1735657276680,0.31591,431.0,bid
1735657276994,0.31592,16099.0,bid
1735657277095,0.31593,32.0,bid
1735657277095,0.31594,168.0,bid
1735657277156,0.31595,33.0,bid
1735657277317,0.31594,15267.0,ask
1735657278290,0.31594,157.0,ask
1735657279064,0.31594,36.0,ask
1735657279511,0.31594,360.0,ask
1735657279571,0.31595,92.0,bid
1735657279667,0.31594,43.0,ask
1735657279676,0.31595,60.0,bid
1735657279857,0.31594,6618.0,ask
1735657279863,0.31593,2289.0,ask
1735657280007,0.31590,32.0,ask
1735657280590,0.31590,1.0,bid
1735657280936,0.31590,42.0,bid
1735657281291,0.31590,1549.0,bid
1735657281355,0.31589,10138.0,ask
1735657281363,0.31588,48.0,ask
1735657281363,0.31587,83.0,ask
1735657281380,0.31587,128.0,bid
1735657282046,0.31586,34327.0,ask
1735657282052,0.31585,2321.0,ask
1735657282067,0.31584,334.0,ask
1735657282298,0.31584,542.0,bid
1735657282425,0.31583,251.0,ask
1735657282473,0.31584,883.0,bid
1735657282492,0.31585,24.0,ask
1735657282596,0.31586,1928.0,bid
1735657282845,0.31586,9497.0,bid
1735657283142,0.31585,346.0,ask
1735657283409,0.31585,349.0,ask
1735657283787,0.31585,18.0,ask
1735657284123,0.31585,367.0,ask
1735657284386,0.31585,335.0,ask
1735657285038,0.31585,39.0,ask
1735657285094,0.31586,20.0,bid
1735657285191,0.31585,13117.0,ask
1735657285202,0.31583,32.0,ask
1735657285223,0.31583,596.0,bid
1735657286324,0.31582,287.0,ask
1735657288307,0.31582,20.0,ask
1735657288500,0.31583,655.0,bid
1735657289029,0.31583,11404.0,bid
1735657289585,0.31582,268.0,ask
1735657289919,0.31582,1748.0,ask
1735657290104,0.31582,1293.0,ask
1735657290955,0.31583,3735.0,bid
1735657291574,0.31582,121.0,ask
1735657292392,0.31582,141.0,ask
1735657293150,0.31583,30148.0,bid
1735657293168,0.31585,16.0,bid
1735657293183,0.31586,4500.0,bid
1735657294219,0.31586,1054.0,bid
1735657294225,0.31587,32.0,bid
1735657294237,0.31588,4800.0,bid
1735657294371,0.31588,743.0,bid
1735657295355,0.31589,17076.0,bid
1735657295363,0.31590,664.0,bid
1735657295381,0.31591,98.0,bid
1735657295389,0.31592,64.0,bid
1735657295389,0.31593,6536.0,bid
1735657295416,0.31593,9570.0,ask
1735657296372,0.31593,16641.0,ask
1735657296378,0.31592,2289.0,ask
1735657296387,0.31591,32.0,ask
1735657296442,0.31590,1000.0,ask
1735657296444,0.31589,32.0,ask
1735657297694,0.31589,850.0,bid
1735657298030,0.31588,2454.0,ask
1735657298037,0.31587,32.0,ask
1735657298079,0.31586,2657.0,ask
1735657298129,0.31585,32.0,ask
1735657298890,0.31585,7000.0,bid
1735657299510,0.31585,3045.0,bid
1735657299632,0.31584,416.0,ask
1735657300855,0.31585,27.0,bid
1735657301505,0.31585,31073.0,bid
1735657301515,0.31586,56.0,bid
1735657301515,0.31587,28.0,bid
1735657301515,0.31588,2281.0,bid
1735657301515,0.31589,36054.0,bid
1735657301658,0.31590,55.0,bid
1735657301658,0.31591,135.0,bid
1735657301659,0.31592,96.0,bid
1735657301668,0.31593,9500.0,bid
1735657301925,0.31593,2656.0,bid
1735657302041,0.31592,21.0,ask
1735657302657,0.31592,124.0,ask
1735657303219,0.31593,3136.0,bid
1735657303257,0.31594,345.0,bid
1735657303257,0.31595,64.0,bid
1735657303257,0.31596,454.0,bid
1735657303637,0.31596,17.0,bid
1735657304316,0.31595,82.0,ask
1735657304992,0.31595,20.0,ask
1735657305129,0.31596,431.0,bid
1735657305706,0.31596,94.0,bid
1735657305905,0.31596,49.0,bid
1735657306604,0.31596,1815.0,bid
1735657306625,0.31597,4667.0,bid
1735657306648,0.31598,1128.0,bid
1735657306929,0.31598,856.0,bid
1735657307421,0.31598,2114.0,bid
1735657307426,0.31599,52.0,bid
1735657307426,0.31600,61.0,bid
1735657307426,0.31601,2430.0,bid
1735657307449,0.31601,144.0,ask
1735657308492,0.31602,2579.0,bid
1735657308563,0.31603,1278.0,bid
1735657308563,0.31604,83.0,bid
1735657308563,0.31605,3882.0,bid
1735657308564,0.31606,823.0,bid
1735657308801,0.31605,6877.0,ask
1735657309018,0.31606,1043.0,bid
1735657309533,0.31605,10764.0,ask
1735657309633,0.31604,300.0,ask
1735657309638,0.31603,16.0,ask
1735657309661,0.31602,31580.0,bid
1735657309906,0.31602,20.0,bid
1735657310597,0.31602,16.0,bid
1735657311158,0.31602,92.0,bid
1735657311174,0.31601,147.0,ask
1735657311782,0.31602,28.0,bid
1735657312240,0.31601,16773.0,ask
1735657312404,0.31602,882.0,bid
1735657312460,0.31604,126.0,ask
1735657312498,0.31605,1291.0,bid
1735657312500,0.31606,10169.0,bid
1735657312574,0.31607,2500.0,bid
1735657312923,0.31607,2445.0,bid
1735657313493,0.31607,1019.0,bid
1735657313599,0.31606,138.0,ask
1735657313731,0.31606,16.0,ask
1735657314645,0.31607,7337.0,bid
1735657315308,0.31606,18.0,ask
1735657315577,0.31607,1077.0,bid
1735657315579,0.31608,50.0,bid
1735657315610,0.31609,2655.0,bid
1735657315629,0.31610,1897.0,bid
1735657315848,0.31610,16.0,ask
1735657316066,0.31611,4254.0,bid
1735657316468,0.31611,8510.0,bid
1735657316505,0.31612,1073.0,bid
1735657316505,0.31613,527.0,bid
1735657317252,0.31613,13792.0,bid
1735657317261,0.31614,1213.0,bid
1735657317299,0.31615,9041.0,bid
1735657317304,0.31616,542.0,bid
1735657317364,0.31615,1348.0,ask
1735657317799,0.31615,8039.0,ask
1735657318283,0.31616,700.0,bid
1735657318491,0.31616,6740.0,bid
1735657318552,0.31617,15825.0,bid
1735657319212,0.31617,600.0,bid
1735657319411,0.31617,779.0,bid
1735657319415,0.31618,3706.0,bid
1735657319416,0.31619,10437.0,bid
1735657319430,0.31620,1600.0,bid
1735657319747,0.31620,1052.0,bid
1735657319958,0.31620,3730.0,bid
1735657320103,0.31619,15993.0,ask
1735657321196,0.31619,8945.0,bid
1735657321651,0.31619,17.0,bid
1735657321996,0.31619,313.0,bid
1735657322104,0.31619,633.0,bid
1735657322240,0.31618,16.0,ask
1735657322346,0.31619,13700.0,bid
1735657322348,0.31620,113.0,bid
1735657322368,0.31620,37.0,ask
1735657322636,0.31620,22.0,ask
1735657322679,0.31621,494.0,bid
1735657322749,0.31622,118.0,bid
1735657322908,0.31623,1094.0,bid
1735657323285,0.31623,21.0,ask
1735657323568,0.31624,580.0,bid
1735657324363,0.31623,2271.0,ask
1735657324507,0.31624,369.0,bid
1735657324690,0.31624,1021.0,bid
1735657325445,0.31624,1733.0,bid
1735657325602,0.31624,50.0,bid
1735657326342,0.31624,3236.0,bid
1735657326459,0.31624,3.0,bid
1735657326565,0.31623,17.0,ask
1735657326633,0.31624,9075.0,bid
1735657326671,0.31625,1267.0,bid
1735657326671,0.31626,958.0,bid
1735657326676,0.31627,2038.0,bid
1735657326679,0.31628,141.0,bid
1735657326679,0.31629,11159.0,bid
1735657326894,0.31629,13801.0,bid
1735657326923,0.31630,2613.0,bid
1735657326953,0.31631,141.0,bid
1735657327113,0.31631,5134.0,ask
1735657327116,0.31630,2289.0,ask
1735657327780,0.31629,721.0,bid
1735657328373,0.31629,7000.0,bid
1735657329351,0.31629,20184.0,bid
1735657329353,0.31630,1974.0,bid
1735657329362,0.31631,1259.0,bid
1735657329366,0.31632,3780.0,bid
1735657329368,0.31633,28429.0,bid
1735657329411,0.31634,1582.0,bid
1735657329564,0.31634,738.0,bid
1735657329758,0.31634,282.0,ask
1735657329854,0.31635,6021.0,bid
1735657330765,0.31634,94211.0,ask
1735657330768,0.31633,1266.0,ask
1735657330799,0.31631,9776.0,ask
1735657330799,0.31630,64.0,ask
1735657330826,0.31629,2851.0,ask
1735657330829,0.31628,46468.0,ask
1735657330961,0.31627,16.0,ask
1735657330990,0.31626,24561.0,ask
1735657330994,0.31625,1914.0,ask
1735657331025,0.31624,7848.0,ask
1735657331074,0.31624,186.0,bid
1735657331186,0.31623,9164.0,ask
1735657331225,0.31622,32.0,ask
1735657331263,0.31621,32.0,ask
1735657331535,0.31621,74.0,bid
1735657331761,0.31622,1173.0,bid
1735657332184,0.31623,1275.0,bid
1735657332185,0.31625,48.0,bid
1735657332189,0.31625,1.0,ask
1735657332354,0.31626,1792.0,bid
1735657332371,0.31627,942.0,bid
1735657332376,0.31628,32.0,bid
1735657332380,0.31629,1600.0,bid
1735657332595,0.31628,21613.0,ask
1735657332868,0.31628,11086.0,ask
1735657332893,0.31628,197183.0,bid
1735657332988,0.31629,97759.0,bid
1735657332988,0.31630,26936.0,bid
1735657332988,0.31631,27153.0,bid
1735657332988,0.31632,39512.0,bid
1735657332988,0.31633,88473.0,bid
1735657332988,0.31634,49054.0,bid
1735657332988,0.31635,140410.0,bid
1735657333069,0.31634,25372.0,ask
1735657333070,0.31633,1298.0,ask
1735657333070,0.31632,31075.0,ask
1735657333070,0.31631,24277.0,ask
1735657333070,0.31630,12953.0,ask
1735657333070,0.31629,31219.0,ask
1735657333264,0.31631,2400.0,bid
1735657333309,0.31630,3000.0,ask
1735657333595,0.31631,3517.0,bid
1735657333596,0.31633,1258.0,bid
1735657333659,0.31634,32.0,bid
1735657333659,0.31635,11073.0,bid
1735657333664,0.31636,13000.0,bid
1735657333840,0.31637,645.0,bid
1735657334330,0.31636,3000.0,ask
1735657334577,0.31637,2435.0,bid
1735657334744,0.31636,18.0,ask
1735657335081,0.31637,2672.0,bid
1735657336035,0.31637,1293.0,bid
1735657337006,0.31636,16.0,ask
1735657337268,0.31636,202.0,ask
1735657337645,0.31637,10000.0,bid
1735657337694,0.31636,86.0,ask
1735657337909,0.31636,16.0,ask
1735657338273,0.31636,149.0,ask
1735657338540,0.31637,4500.0,bid
1735657338664,0.31636,78.0,ask
1735657339108,0.31636,369.0,ask
1735657339133,0.31637,139.0,bid
1735657339146,0.31636,144.0,ask
1735657339343,0.31637,1404.0,bid
1735657339630,0.31637,156.0,bid
1735657340129,0.31636,137.0,ask
1735657340150,0.31637,2.0,bid
1735657340401,0.31636,159.0,ask
1735657340838,0.31637,16067.0,bid
1735657340840,0.31638,2030.0,bid
1735657340841,0.31638,85.0,ask
1735657340867,0.31639,709.0,bid
1735657340927,0.31640,1306.0,bid
1735657340936,0.31641,154.0,bid
1735657341087,0.31642,354.0,bid
1735657341479,0.31643,113.0,bid
1735657341761,0.31642,1092.0,ask
1735657342048,0.31643,6780.0,bid
1735657342048,0.31644,5170.0,bid
1735657342051,0.31645,1323.0,bid
1735657342053,0.31646,215.0,bid
1735657342092,0.31647,1314.0,bid
1735657342092,0.31648,1186.0,bid
1735657342494,0.31648,54382.0,ask
1735657342638,0.31648,2651.0,bid
1735657342754,0.31647,591.0,ask
1735657342855,0.31647,3193.0,ask
1735657342878,0.31648,627.0,bid
1735657343080,0.31647,28.0,ask
1735657343316,0.31648,121.0,bid
1735657343651,0.31647,14299.0,ask
1735657343658,0.31646,50.0,ask
1735657343660,0.31645,16.0,ask
1735657344106,0.31644,1249.0,ask
1735657345795,0.31644,27994.0,ask
1735657346195,0.31645,3137.0,bid
1735657346940,0.31645,26420.0,bid
1735657346941,0.31646,9527.0,bid
1735657347023,0.31648,31.0,bid
1735657347291,0.31648,9428.0,bid
1735657347298,0.31649,8658.0,bid
1735657347301,0.31650,5660.0,bid
1735657347304,0.31651,16414.0,bid
1735657347349,0.31652,9771.0,bid
1735657347401,0.31653,261.0,bid
1735657347423,0.31654,2111.0,bid
1735657347741,0.31654,14993.0,bid
1735657347892,0.31654,24.0,bid
1735657348133,0.31653,20.0,ask
1735657349040,0.31653,6446.0,ask
1735657349209,0.31654,1401.0,bid
1735657349922,0.31653,29242.0,ask
1735657350263,0.31652,4352.0,ask
1735657350271,0.31651,2289.0,ask
1735657350271,0.31650,13342.0,ask
1735657350292,0.31649,200.0,ask
1735657350828,0.31649,72.0,bid
1735657350836,0.31648,17.0,ask
1735657350849,0.31649,2500.0,bid
1735657350868,0.31648,38760.0,ask
1735657350979,0.31647,4231.0,ask
1735657350981,0.31646,80.0,ask
1735657351257,0.31646,113.0,bid
1735657351388,0.31645,16.0,ask
1735657351593,0.31646,1248.0,bid
1735657352444,0.31645,21086.0,ask
1735657352459,0.31644,36.0,ask
1735657352672,0.31645,50.0,bid
1735657352942,0.31644,3609.0,ask
1735657353368,0.31645,526.0,bid
1735657353582,0.31645,784.0,bid
1735657353795,0.31644,921.0,ask
1735657354379,0.31645,22362.0,bid
1735657354415,0.31645,10000.0,ask
1735657354441,0.31646,2269.0,bid
1735657354457,0.31648,369.0,bid
1735657354481,0.31649,32.0,bid
1735657354630,0.31650,2500.0,bid
1735657354760,0.31650,9433.0,bid
1735657355473,0.31650,14212.0,bid
1735657355485,0.31651,48.0,bid
1735657355504,0.31652,32.0,bid
1735657355510,0.31653,6221.0,bid
1735657355527,0.31654,5693.0,bid
1735657355527,0.31655,1307.0,bid
1735657355864,0.31655,1518.0,bid
1735657356220,0.31655,2858.0,bid
1735657357581,0.31656,29941.0,bid
1735657357586,0.31657,1222.0,bid
1735657357630,0.31658,219.0,bid
1735657357630,0.31659,152.0,bid
1735657357630,0.31660,3107.0,bid
1735657357652,0.31661,12420.0,bid
1735657357656,0.31662,2000.0,bid
1735657357697,0.31663,17.0,bid
1735657357815,0.31663,5489.0,bid
1735657357950,0.31663,53.0,bid
1735657357975,0.31664,3813.0,bid
1735657358148,0.31664,32116.0,bid
1735657358634,0.31663,57.0,ask
1735657358756,0.31663,57.0,ask
1735657358882,0.31663,33.0,ask
1735657358902,0.31664,4390.0,bid
1735657359111,0.31664,2704.0,bid
1735657359270,0.31663,125.0,ask
1735657359501,0.31664,698.0,bid
1735657359719,0.31663,43122.0,ask
1735657359780,0.31662,3134.0,ask
1735657359800,0.31661,2289.0,ask
1735657359815,0.31660,3128.0,ask
1735657359826,0.31659,48.0,ask
1735657359837,0.31659,4.0,bid
1735657359887,0.31658,32.0,ask
1735657361423,0.31657,18.0,ask
1735657361839,0.31658,200.0,bid
1735657362343,0.31658,5211.0,bid
1735657362472,0.31657,8400.0,ask
1735657362496,0.31656,22.0,ask
1735657363419,0.31657,281.0,bid
1735657363647,0.31657,113.0,bid
1735657365134,0.31657,872.0,bid
1735657366418,0.31657,49.0,bid
1735657366466,0.31656,25.0,ask
1735657366871,0.31657,10803.0,bid
1735657367298,0.31657,528.0,bid
1735657367676,0.31656,1401.0,ask
1735657367737,0.31657,18808.0,bid
1735657367741,0.31658,2959.0,bid
1735657367749,0.31658,268.0,ask
1735657367760,0.31661,150.0,bid
1735657367798,0.31662,100.0,bid
1735657368177,0.31662,904.0,bid
1735657368207,0.31663,48.0,bid
1735657369539,0.31663,30.0,ask
1735657369919,0.31663,5900.0,ask
1735657370119,0.31663,28.0,ask
1735657370334,0.31664,209.0,bid
1735657370412,0.31663,34.0,ask
1735657370759,0.31663,20738.0,ask
1735657370842,0.31662,18429.0,ask
1735657370903,0.31661,376.0,ask
1735657371048,0.31660,1847.0,ask
1735657371593,0.31661,433.0,bid
1735657371842,0.31664,2708.0,bid
1735657372042,0.31663,20.0,ask
1735657372191,0.31663,263.0,ask
1735657372407,0.31663,204.0,ask
1735657372952,0.31664,315.0,bid
1735657373365,0.31664,921.0,bid
1735657373651,0.31664,4109.0,bid
1735657373780,0.31664,287.0,ask
1735657373804,0.31665,2650.0,bid
1735657374044,0.31665,5779.0,bid
1735657374044,0.31666,4791.0,bid
1735657374057,0.31667,4393.0,bid
1735657374073,0.31668,2300.0,bid
1735657374387,0.31667,2429.0,ask
1735657374752,0.31668,1667.0,bid
1735657374893,0.31668,4512.0,bid
1735657374984,0.31667,9793.0,ask
1735657375031,0.31667,104.0,bid
1735657375061,0.31665,32.0,ask
1735657375080,0.31665,2.0,bid
1735657375126,0.31664,7552.0,ask
1735657375613,0.31664,97.0,bid
1735657375643,0.31663,70.0,ask
1735657375710,0.31664,30167.0,bid
1735657376431,0.31663,16.0,ask
1735657376489,0.31664,10478.0,bid
1735657377412,0.31668,100.0,bid
1735657379191,0.31668,10800.0,bid
1735657379272,0.31667,44.0,ask
1735657379460,0.31667,1850.0,ask
1735657379619,0.31668,12984.0,bid
1735657379669,0.31667,315.0,ask
1735657379935,0.31667,31207.0,ask
1735657380217,0.31667,1332.0,ask
1735657380410,0.31667,5814.0,ask
1735657380509,0.31668,2307.0,bid
1735657380530,0.31669,3373.0,bid
1735657380533,0.31670,1352.0,bid
1735657380590,0.31671,19298.0,bid
1735657380691,0.31671,14.0,bid
1735657381003,0.31672,456.0,bid
1735657381429,0.31672,4140.0,bid
1735657381763,0.31672,2500.0,bid
1735657382070,0.31672,1124.0,bid
1735657382338,0.31672,43.0,bid
1735657382411,0.31671,1406.0,ask
1735657382499,0.31672,32.0,bid
1735657382756,0.31672,600.0,bid
1735657383064,0.31672,22473.0,bid
1735657383111,0.31673,525.0,bid
1735657383620,0.31673,1305.0,ask
1735657383922,0.31674,10257.0,bid
1735657384501,0.31673,466.0,ask
1735657384745,0.31673,58364.0,ask
1735657384745,0.31672,5423.0,ask
1735657384748,0.31671,13964.0,ask
1735657384748,0.31670,177.0,ask
1735657385006,0.31669,100.0,ask
1735657385480,0.31670,3983.0,bid
1735657385691,0.31670,6325.0,bid
1735657385699,0.31673,16.0,bid
1735657386024,0.31673,10737.0,ask
1735657386071,0.31672,237.0,ask
1735657386464,0.31671,34.0,ask
1735657386663,0.31671,16.0,ask
1735657387175,0.31671,19.0,ask
1735657387196,0.31672,2.0,bid
1735657387273,0.31671,15107.0,ask
1735657387286,0.31670,2317.0,ask
1735657387296,0.31669,9414.0,ask
1735657387297,0.31669,14.0,bid
1735657387304,0.31668,20099.0,ask
1735657387310,0.31667,1355.0,ask
1735657387372,0.31667,25.0,bid
1735657387387,0.31666,300.0,ask
1735657387456,0.31667,72.0,bid
1735657387625,0.31667,12.0,bid
1735657387926,0.31667,1.0,bid
1735657388034,0.31667,17.0,bid
1735657388400,0.31667,29.0,bid
1735657388410,0.31666,8091.0,ask
1735657388414,0.31665,32.0,ask
1735657388521,0.31665,61.0,bid
1735657388679,0.31665,256.0,bid
1735657388850,0.31665,33.0,bid
1735657389297,0.31664,581.0,ask
1735657389651,0.31665,154.0,bid
1735657390096,0.31665,4227.0,bid
1735657390096,0.31666,773.0,bid
1735657390362,0.31667,2974.0,bid
1735657390364,0.31668,32.0,bid
1735657390372,0.31669,64.0,bid
1735657390454,0.31669,235.0,ask
1735657390791,0.31669,16.0,ask
1735657391293,0.31670,746.0,bid
1735657392240,0.31669,28893.0,ask
1735657392240,0.31668,13723.0,ask
1735657392298,0.31667,1045.0,bid
1735657392379,0.31666,631.0,ask
1735657393417,0.31666,1499.0,ask
1735657393427,0.31665,2374.0,ask
1735657393432,0.31664,24491.0,ask
1735657393457,0.31663,51844.0,ask
1735657393560,0.31663,669.0,bid
1735657393644,0.31662,82.0,ask
1735657393718,0.31663,17.0,bid
1735657393889,0.31663,22.0,bid
1735657393919,0.31662,1108.0,ask
1735657394370,0.31662,125.0,ask
1735657394693,0.31663,1050.0,bid
1735657394734,0.31662,31245.0,ask
1735657394737,0.31661,20848.0,ask
1735657394750,0.31660,201.0,ask
1735657394757,0.31660,81.0,bid
1735657394829,0.31659,27.0,ask
1735657395695,0.31659,31.0,ask
1735657395858,0.31659,18.0,ask
1735657396047,0.31659,118.0,ask
1735657396368,0.31659,131.0,ask
1735657396616,0.31659,12618.0,ask
1735657396618,0.31658,2321.0,ask
1735657396619,0.31657,1257.0,ask
1735657396651,0.31656,13709.0,ask
1735657396655,0.31655,23897.0,ask
1735657396758,0.31655,125130.0,ask
1735657396873,0.31654,48.0,ask
1735657397004,0.31653,1410.0,ask
1735657397164,0.31653,637.0,ask
1735657397306,0.31653,6972.0,ask
1735657397497,0.31654,8110.0,bid
1735657397713,0.31653,158.0,ask
1735657398650,0.31653,104.0,ask
1735657398685,0.31654,947.0,bid
1735657399254,0.31654,48.0,bid
1735657399259,0.31653,174.0,ask
1735657399535,0.31654,829.0,bid
1735657399712,0.31653,128.0,ask
1735657399847,0.31654,19705.0,bid
1735657399850,0.31655,16.0,bid
1735657399861,0.31657,32.0,bid
1735657399920,0.31658,89.0,bid
1735657399920,0.31659,64.0,bid
1735657400010,0.31659,17.0,ask
1735657401005,0.31659,1460.0,ask
1735657401250,0.31659,325.0,ask
1735657401811,0.31660,190.0,bid
1735657402117,0.31659,1021.0,ask
1735657402362,0.31659,135.0,ask
1735657403113,0.31659,23.0,ask
1735657403419,0.31659,650.0,ask
1735657403526,0.31660,10000.0,bid
1735657403654,0.31659,136.0,ask
1735657403855,0.31659,321.0,ask
1735657404140,0.31660,4892.0,bid
1735657404142,0.31661,48.0,bid
1735657404248,0.31662,32.0,bid
1735657404248,0.31663,50.0,bid
1735657404358,0.31663,1191.0,bid
1735657404405,0.31664,32.0,bid
1735657404423,0.31665,32.0,bid
1735657404435,0.31665,128.0,ask
1735657404443,0.31666,3978.0,bid
1735657404460,0.31667,156.0,bid
1735657404493,0.31668,1263.0,bid
1735657405107,0.31667,16.0,ask
1735657406131,0.31667,13829.0,ask
1735657406133,0.31667,5050.0,bid
1735657406133,0.31666,2289.0,ask
1735657406135,0.31665,32.0,ask
1735657406721,0.31665,5594.0,bid
1735657407563,0.31665,9306.0,bid
1735657408022,0.31665,315.0,bid
1735657408215,0.31664,50.0,ask
1735657408555,0.31664,316.0,ask
1735657409600,0.31664,1579.0,ask
1735657409805,0.31664,43813.0,ask
1735657409807,0.31663,21068.0,ask
1735657409852,0.31662,64.0,ask
1735657410082,0.31660,165.0,bid
1735657410279,0.31659,28772.0,ask
1735657410282,0.31658,4695.0,ask
1735657410305,0.31657,67.0,ask
1735657410455,0.31656,4422.0,ask
1735657410467,0.31655,48.0,ask
1735657410552,0.31654,11750.0,ask
1735657410564,0.31653,6552.0,ask
1735657410579,0.31652,6270.0,ask
1735657410755,0.31650,1725.0,ask
1735657410757,0.31649,51.0,ask
1735657411571,0.31648,7120.0,ask
1735657411573,0.31647,48.0,ask
1735657411682,0.31646,80.0,ask
1735657411699,0.31646,119.0,bid
1735657412615,0.31646,15422.0,bid
1735657412617,0.31647,16.0,bid
1735657413331,0.31648,19.0,ask
1735657413757,0.31648,187.0,ask
1735657414193,0.31649,1181.0,bid
1735657414295,0.31649,5159.0,bid
1735657415133,0.31648,20.0,ask
1735657415497,0.31648,7333.0,ask
1735657415500,0.31647,58.0,ask
1735657415512,0.31645,112.0,ask
1735657415816,0.31645,103297.0,bid
1735657415816,0.31646,83837.0,bid
1735657415816,0.31647,83190.0,bid
1735657415816,0.31648,105310.0,bid
1735657415816,0.31649,84794.0,bid
1735657415816,0.31650,61360.0,bid
1735657415816,0.31651,87200.0,bid
1735657415816,0.31652,111533.0,bid
1735657415816,0.31653,191550.0,bid
1735657415816,0.31654,127356.0,bid
1735657415816,0.31655,59521.0,bid
1735657415816,0.31656,164914.0,bid
1735657415819,0.31653,15970.0,bid
1735657415824,0.31655,11177.0,bid
1735657415859,0.31653,12695.0,bid
1735657415946,0.31652,17500.0,bid
1735657416425,0.31651,10440.0,ask
1735657416450,0.31650,53.0,ask
1735657416483,0.31649,34.0,ask
1735657416522,0.31648,48.0,ask
1735657416526,0.31647,2274.0,ask
1735657416550,0.31646,64.0,ask
1735657416601,0.31646,49364.0,bid
1735657416601,0.31647,88934.0,bid
1735657416601,0.31648,61136.0,bid
1735657416601,0.31649,55087.0,bid
1735657416601,0.31650,90041.0,bid
1735657416601,0.31651,107620.0,bid
1735657416601,0.31652,98589.0,bid
1735657416601,0.31653,198253.0,bid
1735657416601,0.31654,140857.0,bid
1735657416601,0.31655,190724.0,bid
1735657416601,0.31656,183297.0,bid
1735657416615,0.31652,34125.0,bid
1735657416643,0.31654,47551.0,bid
1735657416643,0.31655,64792.0,bid
1735657416649,0.31656,10532.0,bid
1735657416649,0.31657,1313.0,bid
1735657416649,0.31658,34497.0,bid
1735657416649,0.31659,190336.0,bid
1735657416649,0.31660,84228.0,bid
1735657416649,0.31661,11963.0,bid
1735657416649,0.31662,19825.0,bid
1735657416658,0.31660,12562.0,ask
1735657416658,0.31659,11428.0,ask
1735657416673,0.31657,357.0,bid
1735657416699,0.31656,6047.0,ask
1735657416699,0.31655,32.0,ask
1735657416699,0.31654,8297.0,ask
1735657416699,0.31653,11091.0,ask
1735657416699,0.31652,89810.0,ask
1735657416699,0.31651,47244.0,ask
1735657416699,0.31650,42377.0,ask
1735657416706,0.31651,9043.0,bid
1735657416714,0.31653,5514.0,bid
1735657416720,0.31654,63.0,ask
1735657416733,0.31655,1611.0,bid
1735657416733,0.31656,1927.0,bid
1735657416733,0.31657,2409.0,bid
1735657416883,0.31656,49.0,ask
1735657416886,0.31657,4634.0,bid
1735657417409,0.31656,9206.0,ask
1735657417409,0.31655,2289.0,ask
1735657417414,0.31654,50.0,ask
1735657417561,0.31652,10153.0,ask
1735657417685,0.31651,32.0,ask
1735657417724,0.31650,553.0,ask
1735657418066,0.31649,35.0,ask
1735657418474,0.31649,3117.0,ask
1735657420046,0.31649,16.0,ask
1735657420357,0.31650,11262.0,bid
1735657420379,0.31651,3248.0,bid
1735657420438,0.31653,104.0,bid
1735657420694,0.31654,7000.0,bid
1735657421514,0.31654,933.0,bid
1735657422050,0.31654,315.0,bid
1735657422309,0.31653,30712.0,ask
1735657423011,0.31650,18.0,ask
1735657423259,0.31650,450.0,ask
1735657423368,0.31651,2500.0,bid
1735657425294,0.31651,133.0,bid
1735657426178,0.31651,11825.0,bid
1735657426669,0.31654,6838.0,bid
1735657426671,0.31655,48.0,bid
1735657426682,0.31656,764.0,bid
1735657426682,0.31657,17577.0,bid
1735657426760,0.31658,100.0,bid
1735657426875,0.31658,9100.0,ask
1735657427254,0.31659,2651.0,bid
1735657427355,0.31659,4948.0,bid
1735657427357,0.31660,32.0,bid
1735657427362,0.31661,32.0,bid
1735657427362,0.31662,18973.0,bid
1735657427407,0.31663,8177.0,bid
1735657427974,0.31664,33.0,bid
1735657429319,0.31664,109.0,bid
1735657429766,0.31664,872.0,bid
1735657429974,0.31664,829.0,bid
1735657430627,0.31663,26290.0,ask
1735657430644,0.31664,1465.0,bid
1735657430896,0.31663,293.0,ask
1735657431351,0.31663,168.0,ask
1735657431496,0.31663,441.0,ask
1735657432126,0.31663,96.0,ask
1735657432350,0.31663,2393.0,ask
1735657432350,0.31662,2289.0,ask
1735657432416,0.31661,2749.0,ask
1735657432416,0.31660,4561.0,ask
1735657432773,0.31661,3194.0,bid
1735657433268,0.31660,805.0,ask
1735657433881,0.31660,4959.0,ask
1735657433883,0.31659,48.0,ask
1735657434028,0.31658,16.0,ask
1735657434580,0.31659,63.0,bid
1735657434804,0.31658,27657.0,ask
1735657434865,0.31657,390.0,ask
1735657435073,0.31658,2438.0,bid
1735657435196,0.31657,534.0,ask
1735657435610,0.31656,115.0,ask
1735657435736,0.31656,1079.0,ask
1735657435917,0.31656,13.0,ask
1735657436594,0.31657,1555.0,bid
1735657436907,0.31656,5547.0,ask
1735657438398,0.31657,31.0,bid
1735657438751,0.31657,10000.0,bid
1735657438856,0.31657,13551.0,bid
1735657438955,0.31658,1278.0,bid
1735657438955,0.31659,400.0,bid
1735657438956,0.31660,3577.0,bid
1735657439006,0.31661,20903.0,bid
1735657439033,0.31662,32.0,bid
1735657439251,0.31663,80.0,bid
1735657439254,0.31664,3839.0,bid
1735657439397,0.31664,3938.0,ask
1735657440766,0.31665,13794.0,bid
1735657440769,0.31666,1495.0,bid
1735657440769,0.31667,4092.0,bid
1735657440773,0.31668,10742.0,bid
1735657440886,0.31668,5241.0,ask
1735657441210,0.31668,358.0,ask
1735657442092,0.31669,789.0,bid
1735657444189,0.31669,177.0,bid
1735657444254,0.31668,1900.0,ask
1735657444382,0.31669,123.0,bid
1735657445298,0.31669,1309.0,bid
1735657446314,0.31668,38.0,ask
1735657446503,0.31669,960.0,bid
1735657447376,0.31668,30264.0,ask
1735657447392,0.31667,17509.0,ask
1735657447397,0.31666,50.0,ask
1735657447810,0.31667,48271.0,bid
1735657448433,0.31668,16.0,ask
1735657448656,0.31669,26325.0,bid
1735657448717,0.31670,3579.0,bid
1735657448725,0.31671,2306.0,bid
1735657448730,0.31672,11217.0,bid
1735657448866,0.31673,2066.0,bid
1735657448928,0.31673,732.0,ask
1735657449135,0.31674,1033.0,bid
1735657449488,0.31674,2649.0,bid
1735657450435,0.31673,235.0,ask
1735657451297,0.31673,1500.0,ask
1735657451301,0.31674,10805.0,bid
1735657451305,0.31675,4243.0,bid
1735657451331,0.31676,2984.0,bid
1735657451364,0.31677,13759.0,bid
1735657452036,0.31677,2829.0,bid
1735657452761,0.31677,8050.0,bid
1735657453052,0.31677,298.0,bid
1735657453508,0.31677,94.0,bid
1735657453910,0.31676,511.0,ask
1735657454748,0.31676,300.0,ask
1735657454892,0.31676,123.0,ask
1735657456350,0.31677,39919.0,bid
1735657456431,0.31678,2291.0,bid
1735657456439,0.31679,4924.0,bid
1735657456439,0.31680,8342.0,bid
1735657456525,0.31681,1484.0,bid
1735657456525,0.31682,31124.0,bid
1735657456534,0.31683,15046.0,bid
1735657456534,0.31684,22824.0,bid
1735657456553,0.31685,400.0,bid
1735657456553,0.31686,3423.0,bid
1735657456649,0.31685,106767.0,ask
1735657456649,0.31684,4695.0,ask
1735657456650,0.31685,12203.0,ask
1735657456650,0.31684,9607.0,ask
1735657456650,0.31683,100998.0,ask
1735657456770,0.31684,5336.0,ask
1735657456789,0.31683,1507.0,ask
1735657457058,0.31682,1607.0,bid
1735657457058,0.31681,5943.0,ask
1735657457589,0.31682,22057.0,bid
1735657458301,0.31681,189.0,ask
1735657458476,0.31682,129.0,bid
1735657458658,0.31682,4096.0,bid
1735657458737,0.31685,32.0,bid
1735657459034,0.31686,1124.0,bid
1735657459586,0.31685,946.0,ask
1735657459606,0.31686,16.0,bid
1735657459741,0.31686,1871.0,bid
1735657459977,0.31685,51461.0,ask
1735657460033,0.31685,72.0,bid
1735657460084,0.31684,93.0,ask
1735657460473,0.31683,46641.0,ask
1735657460478,0.31682,13188.0,ask
1735657460480,0.31681,6127.0,ask
1735657460480,0.31680,53.0,ask
1735657460716,0.31680,4098.0,ask
1735657461151,0.31681,5795.0,bid
1735657461650,0.31682,1001.0,ask
1735657462299,0.31683,872.0,bid
1735657462498,0.31682,44.0,ask
1735657462763,0.31682,16.0,ask
1735657462959,0.31683,2346.0,bid
1735657463575,0.31683,437.0,bid
1735657463893,0.31682,31389.0,ask
1735657463893,0.31681,4342.0,ask
1735657463988,0.31682,7589.0,bid
1735657464258,0.31681,281.0,ask
1735657464380,0.31681,374.0,ask
1735657464579,0.31681,11158.0,ask
1735657465082,0.31681,140.0,ask
1735657465487,0.31681,163.0,ask
1735657465648,0.31682,31.0,bid
1735657466093,0.31682,928.0,bid
1735657466685,0.31681,17119.0,ask
1735657466688,0.31680,2418.0,ask
1735657466712,0.31679,8.0,ask
1735657466773,0.31679,157.0,bid
1735657466886,0.31678,84.0,ask
1735657466886,0.31677,1655.0,ask
1735657466942,0.31676,20328.0,ask
1735657466982,0.31676,1835.0,bid
1735657467028,0.31675,64.0,ask
1735657467028,0.31674,32.0,ask
1735657467029,0.31673,15069.0,ask
1735657467113,0.31672,87.0,ask
1735657467113,0.31671,4283.0,ask
1735657467318,0.31671,115.0,bid
1735657468066,0.31671,1683.0,bid
1735657468516,0.31670,4300.0,ask
1735657468520,0.31669,9431.0,ask
1735657468558,0.31669,501.0,bid
1735657469428,0.31669,10549.0,bid
1735657469429,0.31670,2721.0,bid
1735657469429,0.31671,8868.0,bid
1735657469434,0.31672,23.0,bid
1735657469647,0.31672,660.0,ask
1735657469834,0.31673,3176.0,bid
1735657470442,0.31673,6447.0,bid
1735657470746,0.31672,85837.0,ask
1735657471382,0.31672,8409.0,bid
1735657471614,0.31672,1275.0,bid
1735657472430,0.31671,27.0,ask
1735657472980,0.31672,16.0,bid
1735657473107,0.31672,855.0,bid
1735657473767,0.31671,83.0,ask
1735657474022,0.31671,1500.0,ask
1735657474161,0.31672,24.0,bid
1735657475179,0.31672,162.0,bid
1735657475311,0.31672,59.0,bid
1735657475397,0.31671,69.0,ask
1735657475688,0.31671,6016.0,ask
1735657475965,0.31671,13641.0,ask
1735657475968,0.31670,3514.0,ask
1735657475976,0.31668,32.0,ask
1735657476281,0.31668,71.0,bid
1735657476407,0.31668,45.0,bid
1735657476472,0.31667,254.0,ask
1735657477137,0.31668,2387.0,bid
1735657477200,0.31667,16.0,ask
1735657477367,0.31668,98.0,bid
1735657477413,0.31667,481.0,ask
1735657478516,0.31668,88.0,bid
1735657479036,0.31668,191.0,bid
1735657479613,0.31668,91.0,bid
1735657479861,0.31668,200.0,bid
1735657480164,0.31668,3.0,bid
1735657480232,0.31667,80.0,ask
1735657480661,0.31668,124.0,bid
1735657481325,0.31667,3249.0,ask
1735657481476,0.31667,475.0,ask
1735657481627,0.31667,59802.0,ask
1735657481784,0.31667,123.0,bid
1735657481981,0.31667,31.0,bid
1735657482423,0.31666,251.0,ask
1735657482555,0.31666,170.0,ask
1735657482968,0.31667,188.0,bid
1735657483090,0.31666,35593.0,ask
1735657483094,0.31666,1415.0,bid
1735657483098,0.31665,32.0,ask
1735657483413,0.31664,423.0,ask
1735657483498,0.31663,103.0,ask
1735657484023,0.31664,176.0,bid
1735657484175,0.31664,40.0,bid
1735657484221,0.31663,10053.0,ask
1735657484442,0.31662,427.0,ask
1735657485161,0.31663,216.0,bid
1735657485420,0.31662,496.0,ask
1735657485924,0.31662,16.0,ask
1735657486207,0.31663,4424.0,bid
1735657486392,0.31663,104.0,bid
1735657486478,0.31662,414.0,ask
1735657486759,0.31663,1600.0,bid
1735657487143,0.31663,3277.0,bid
1735657487424,0.31662,516.0,ask
1735657487671,0.31663,261.0,bid
1735657488480,0.31662,434.0,ask
1735657488795,0.31663,192.0,bid
1735657489396,0.31663,12188.0,bid
1735657489462,0.31662,619.0,ask
1735657489709,0.31662,79.0,ask
1735657489829,0.31663,169.0,bid
1735657490449,0.31662,447.0,ask
1735657490981,0.31662,631.0,ask
1735657491024,0.31663,145.0,bid
1735657491432,0.31662,1515.0,ask
1735657491572,0.31663,6194.0,bid
1735657491779,0.31663,76444.0,bid
1735657491779,0.31664,4866.0,bid
1735657491779,0.31665,3194.0,bid
1735657491779,0.31666,5438.0,bid
1735657491779,0.31667,10472.0,bid
1735657491803,0.31666,65585.0,ask
1735657491938,0.31664,55.0,ask
1735657491988,0.31663,24.0,ask
1735657492192,0.31664,188.0,bid
1735657492332,0.31664,507.0,bid
1735657492963,0.31663,1500.0,ask
1735657493088,0.31663,16.0,ask
1735657493222,0.31664,298.0,bid
1735657493610,0.31663,146.0,ask
1735657493899,0.31664,6316.0,bid
1735657493903,0.31663,98.0,ask
1735657494224,0.31664,118.0,bid
1735657494234,0.31663,243.0,ask
1735657495364,0.31664,220.0,bid
1735657495375,0.31663,59.0,ask
1735657495528,0.31663,10357.0,ask
1735657495687,0.31663,32.0,ask
1735657495903,0.31663,633.0,ask
1735657496084,0.31663,49460.0,ask
1735657496089,0.31662,41283.0,ask
1735657496096,0.31661,25032.0,ask
1735657496147,0.31660,136285.0,ask
1735657496222,0.31659,67.0,ask
1735657496270,0.31659,36.0,bid
1735657496284,0.31658,8802.0,ask
1735657496305,0.31657,64.0,ask
1735657496357,0.31656,20081.0,ask
1735657496402,0.31655,9412.0,ask
1735657496403,0.31656,3171.0,ask
1735657496525,0.31655,196.0,bid
1735657496533,0.31654,249.0,ask
1735657496757,0.31654,100.0,ask
1735657497734,0.31655,325.0,bid
1735657498761,0.31655,288.0,bid
1735657499330,0.31655,25469.0,bid
1735657499364,0.31656,53.0,bid
1735657499364,0.31657,32.0,bid
1735657499427,0.31659,48.0,bid
1735657499642,0.31660,3219.0,bid
1735657499649,0.31661,32.0,bid
1735657499982,0.31662,398.0,bid
1735657500427,0.31661,32.0,ask
1735657500560,0.31661,98.0,ask
1735657501059,0.31662,332.0,bid
1735657501231,0.31661,97.0,ask
1735657502218,0.31662,371.0,bid
1735657502303,0.31661,122.0,ask
1735657502481,0.31661,69048.0,ask
1735657502505,0.31660,185.0,ask
1735657502712,0.31660,4061.0,ask
1735657502880,0.31660,146.0,ask
1735657503159,0.31661,55369.0,bid
1735657503163,0.31662,13230.0,bid
1735657503339,0.31662,447.0,ask
1735657503486,0.31662,101.0,ask
1735657504381,0.31663,406.0,bid
1735657504528,0.31662,176.0,ask
1735657505002,0.31663,6650.0,bid
1735657505002,0.31664,4281.0,bid
1735657505002,0.31665,64.0,bid
1735657505002,0.31666,12722.0,bid
1735657505002,0.31667,2987.0,bid
1735657505002,0.31668,21382.0,bid
1735657505002,0.31669,45148.0,bid
1735657505002,0.31670,28718.0,bid
1735657505002,0.31671,29583.0,bid
1735657505009,0.31670,10983.0,ask
1735657505043,0.31669,2500.0,bid
1735657505047,0.31667,2000.0,bid
1735657505477,0.31667,1936.0,bid
1735657505631,0.31666,29.0,ask
1735657505650,0.31667,82.0,bid
1735657506090,0.31667,2501.0,bid
1735657506465,0.31666,3490.0,ask
1735657506601,0.31667,311.0,bid
1735657506607,0.31666,1256.0,ask
1735657507505,0.31666,21.0,ask
1735657507720,0.31667,229.0,bid
1735657507996,0.31667,315.0,bid
1735657508195,0.31667,10200.0,bid
1735657508820,0.31667,409.0,bid
1735657508828,0.31666,1790.0,ask
1735657509141,0.31667,2500.0,bid
1735657509308,0.31667,12642.0,bid
1735657509494,0.31667,880.0,bid
1735657509764,0.31666,40.0,ask
1735657510023,0.31667,246.0,bid
1735657510368,0.31666,97.0,ask
1735657511031,0.31667,367.0,bid
1735657511444,0.31667,962.0,bid
1735657511511,0.31666,132.0,ask
1735657511848,0.31666,17.0,ask
1735657511959,0.31667,28524.0,bid
1735657512246,0.31669,1494.0,bid
1735657512642,0.31669,1039.0,bid
1735657512642,0.31671,85.0,bid
1735657512642,0.31672,1299.0,bid
1735657512873,0.31672,23375.0,bid
1735657512886,0.31673,12814.0,bid
1735657512897,0.31674,10274.0,bid
1735657512930,0.31675,3425.0,bid
1735657513048,0.31676,59.0,bid
1735657513148,0.31677,388.0,bid
1735657513296,0.31678,1993.0,bid
1735657513296,0.31679,1105.0,bid
1735657513345,0.31680,350.0,bid
1735657513733,0.31679,26214.0,ask
1735657513787,0.31680,1024.0,bid
1735657514391,0.31680,159.0,bid
1735657514528,0.31680,6151.0,bid
1735657514531,0.31681,168.0,bid
1735657514536,0.31682,10430.0,bid
1735657514536,0.31683,8636.0,bid
1735657514949,0.31684,1184.0,bid
1735657515028,0.31683,9700.0,ask
1735657515061,0.31684,1171.0,bid
1735657515447,0.31684,232.0,bid
1735657516413,0.31684,365.0,bid
1735657516602,0.31684,211.0,bid
1735657517383,0.31684,2237.0,bid
1735657517657,0.31683,20.0,ask
1735657517722,0.31684,168.0,bid
1735657517933,0.31684,157.0,bid
1735657518121,0.31683,27.0,ask
1735657518338,0.31684,692.0,bid
1735657518463,0.31683,131.0,ask
1735657518672,0.31684,27.0,bid
1735657518714,0.31683,97.0,ask
1735657518737,0.31684,6844.0,bid
1735657518791,0.31685,64.0,bid
1735657519002,0.31685,206.0,ask
1735657519737,0.31686,232.0,bid
1735657519856,0.31686,1230.0,bid
1735657520106,0.31686,1252.0,bid
1735657520421,0.31686,829.0,bid
1735657520535,0.31685,58.0,ask
1735657520736,0.31686,174.0,bid
1735657521069,0.31686,66.0,bid
1735657521481,0.31686,308.0,bid
1735657521786,0.31686,8191.0,bid
1735657521850,0.31687,3990.0,bid
1735657521851,0.31688,236.0,bid
1735657521870,0.31689,630.0,bid
1735657522210,0.31688,8140.0,ask
1735657522298,0.31689,837.0,bid
1735657522496,0.31688,1500.0,ask
1735657522797,0.31688,21.0,ask
1735657522926,0.31689,204.0,bid
1735657523041,0.31689,1847.0,bid
1735657523639,0.31688,11.0,ask
1735657523880,0.31688,26440.0,ask
1735657524151,0.31688,19.0,ask
1735657524691,0.31688,1784.0,ask
1735657524813,0.31689,8539.0,bid
1735657524855,0.31690,2569.0,bid
1735657524860,0.31691,10926.0,bid
1735657525008,0.31691,828.0,bid
1735657525207,0.31691,27670.0,bid
1735657525279,0.31692,2426.0,bid
1735657525308,0.31693,516.0,bid
1735657525311,0.31692,187.0,ask
1735657525496,0.31692,49.0,ask
1735657525760,0.31692,84.0,ask
1735657526193,0.31693,6569.0,bid
1735657526280,0.31694,1886.0,bid
1735657526285,0.31695,1974.0,bid
1735657526288,0.31696,726.0,bid
1735657526382,0.31697,5916.0,bid
1735657526409,0.31697,3155.0,ask
1735657526658,0.31697,1875.0,ask
1735657526675,0.31698,2648.0,bid
1735657527036,0.31698,13964.0,bid
1735657527065,0.31699,1280.0,bid
1735657527124,0.31700,2963.0,bid
1735657527125,0.31699,97.0,ask
1735657527159,0.31700,54543.0,bid
1735657527161,0.31701,6655.0,bid
1735657527165,0.31702,11877.0,bid
1735657527274,0.31702,1458.0,bid
1735657527446,0.31703,3251.0,bid
1735657527448,0.31704,39937.0,bid
1735657527449,0.31705,107951.0,bid
1735657527449,0.31706,2693.0,bid
1735657527449,0.31707,200275.0,bid
1735657527450,0.31708,3852.0,bid
1735657527450,0.31709,14884.0,bid
1735657527450,0.31710,147727.0,bid
1735657527450,0.31711,112257.0,bid
1735657527450,0.31712,1693.0,bid
1735657527451,0.31713,569703.0,bid
1735657527451,0.31714,130993.0,bid
1735657527451,0.31715,346938.0,bid
1735657527451,0.31716,338293.0,bid
1735657527451,0.31717,239589.0,bid
1735657527451,0.31718,53983.0,bid
1735657527451,0.31719,166020.0,bid
1735657527510,0.31720,5120.0,bid
1735657527510,0.31721,11946.0,bid
1735657527512,0.31722,9666.0,bid
1735657527533,0.31720,1600.0,bid
1735657527561,0.31719,5466.0,ask
1735657527564,0.31720,3930.0,bid
1735657527617,0.31719,8100.0,ask
1735657527619,0.31720,1872.0,bid
1735657527619,0.31721,315.0,bid
1735657527619,0.31722,2867.0,bid
1735657527648,0.31721,20638.0,ask
1735657527648,0.31720,3178.0,ask
1735657527648,0.31719,42657.0,ask
1735657527653,0.31721,12222.0,ask
1735657527653,0.31719,156959.0,ask
1735657527657,0.31721,25.0,ask
1735657527670,0.31722,10758.0,bid
1735657527680,0.31723,8902.0,bid
1735657527716,0.31722,3398.0,bid
1735657527734,0.31721,37578.0,ask
1735657527735,0.31720,4672.0,ask
1735657527752,0.31721,20765.0,bid
1735657527789,0.31720,12802.0,ask
1735657527816,0.31719,16.0,ask
1735657527821,0.31720,1000.0,bid
1735657527840,0.31719,1800.0,ask
1735657527844,0.31720,1572.0,bid
1735657527848,0.31719,22607.0,ask
1735657527868,0.31720,3776.0,bid
1735657527976,0.31719,98.0,ask
1735657527988,0.31720,3066.0,bid
1735657528038,0.31719,16012.0,ask
1735657528166,0.31719,150.0,ask
1735657528197,0.31720,1796.0,bid
1735657528289,0.31719,4662.0,ask
1735657528348,0.31720,28.0,bid
1735657528564,0.31719,28367.0,ask
1735657528567,0.31718,60212.0,ask
1735657528792,0.31717,65.0,ask
1735657528914,0.31717,27656.0,ask
1735657528948,0.31716,11079.0,ask
1735657529100,0.31716,442.0,bid
1735657529447,0.31716,1863.0,bid
1735657529697,0.31715,30364.0,ask
1735657529709,0.31714,42994.0,ask
1735657529710,0.31713,39989.0,ask
1735657529759,0.31712,64.0,ask
1735657529763,0.31712,1053.0,bid
1735657529821,0.31711,15835.0,ask
1735657529875,0.31710,64.0,ask
1735657529882,0.31709,300.0,ask
1735657529906,0.31710,2153.0,bid
1735657529999,0.31709,11365.0,ask
1735657530152,0.31708,232.0,ask
1735657530641,0.31709,27.0,bid
1735657530769,0.31709,132.0,bid
1735657530873,0.31708,455.0,ask
1735657530919,0.31709,8195.0,bid
1735657531053,0.31708,8195.0,ask
1735657531214,0.31709,815.0,bid
1735657531754,0.31709,835.0,bid
1735657531888,0.31709,1579.0,bid
1735657532066,0.31708,131.0,ask
1735657532826,0.31709,36.0,bid
1735657533147,0.31708,315.0,ask
1735657533439,0.31709,134.0,bid
1735657533685,0.31709,25000.0,bid
1735657534177,0.31708,315.0,ask
1735657534371,0.31709,14690.0,bid
1735657534417,0.31713,1418.0,bid
1735657534620,0.31712,1322.0,ask
1735657534863,0.31713,161.0,bid
1735657535414,0.31713,277.0,bid
1735657536441,0.31713,95.0,bid
1735657536678,0.31713,11210.0,bid
1735657536774,0.31713,22260.0,ask
1735657536774,0.31714,396.0,bid
1735657536817,0.31715,310.0,bid
1735657536912,0.31715,18.0,ask
1735657536951,0.31716,576.0,bid
1735657537092,0.31716,25.0,bid
1735657537460,0.31716,439.0,bid
1735657537568,0.31716,308533.0,bid
1735657537572,0.31717,3217.0,bid
1735657537573,0.31718,104.0,bid
1735657537576,0.31719,200.0,bid
1735657537576,0.31720,4588.0,bid
1735657538042,0.31720,254.0,bid
1735657538199,0.31720,4035.0,bid
1735657538453,0.31719,35.0,ask
1735657538902,0.31719,431.0,ask
1735657539935,0.31720,625.0,bid
1735657540050,0.31720,1081.0,bid
1735657540735,0.31720,92.0,bid
1735657540954,0.31719,76.0,ask
1735657541447,0.31720,278.0,bid
1735657542486,0.31720,94.0,bid
1735657542890,0.31719,496.0,ask
1735657542896,0.31720,6887.0,bid
1735657542896,0.31721,32.0,bid
1735657542896,0.31722,4294.0,bid
1735657543445,0.31723,277.0,bid
1735657543896,0.31723,4267.0,bid
1735657544030,0.31723,34585.0,bid
1735657544030,0.31724,2188.0,bid
1735657544030,0.31725,4353.0,bid
1735657544030,0.31726,8547.0,bid
1735657544030,0.31727,3339.0,bid
1735657544092,0.31728,2729.0,bid
1735657544373,0.31727,424.0,ask
1735657544465,0.31728,93.0,bid
1735657544766,0.31728,3179.0,bid
1735657544914,0.31728,2340.0,bid
1735657545016,0.31728,24130.0,bid
1735657545051,0.31729,16549.0,bid
1735657545420,0.31729,138.0,bid
1735657545478,0.31728,18.0,ask
1735657545492,0.31729,5746.0,bid
1735657545633,0.31730,2645.0,bid
1735657546447,0.31729,21.0,ask
1735657546449,0.31730,94.0,bid
1735657546531,0.31729,147.0,ask
1735657546631,0.31730,61939.0,bid
1735657546703,0.31731,10274.0,bid
1735657546709,0.31732,7667.0,bid
1735657546809,0.31731,19.0,ask
1735657547020,0.31732,1789.0,bid
1735657547085,0.31731,43.0,ask
1735657547131,0.31732,3362.0,bid
1735657547141,0.31733,3155.0,bid
1735657547464,0.31733,271.0,bid
1735657547659,0.31732,40.0,ask
1735657547949,0.31732,36541.0,ask
1735657548014,0.31733,877.0,bid
1735657548293,0.31732,43259.0,ask
1735657548484,0.31732,91.0,bid
1735657548731,0.31732,278.0,bid
1735657549254,0.31732,19.0,bid
1735657549418,0.31732,282.0,bid
1735657549530,0.31732,8212.0,bid
1735657549530,0.31733,321.0,bid
1735657549530,0.31734,13650.0,bid
1735657549530,0.31735,1760.0,bid
1735657549530,0.31736,6546.0,bid
1735657549532,0.31737,47909.0,bid
1735657549708,0.31737,1882.0,bid
1735657549914,0.31736,307.0,ask
1735657549970,0.31737,125.0,bid
1735657549994,0.31736,307.0,ask
1735657550063,0.31737,645.0,bid
1735657550193,0.31737,1470.0,bid
1735657550378,0.31736,632.0,ask
1735657550472,0.31737,94.0,bid
1735657550712,0.31736,365.0,ask
1735657550959,0.31736,307.0,ask
1735657551238,0.31736,329.0,ask
1735657551291,0.31737,69.0,bid
1735657551419,0.31737,284.0,bid
1735657551528,0.31736,316.0,ask
1735657551549,0.31737,793.0,bid
1735657551649,0.31736,307.0,ask
1735657551937,0.31736,316.0,ask
1735657551944,0.31737,13338.0,bid
1735657552140,0.31737,4424.0,bid
1735657552198,0.31736,316.0,ask
1735657552456,0.31737,96.0,bid
1735657553158,0.31737,18.0,bid
1735657553179,0.31736,35.0,ask
1735657553209,0.31737,9908.0,bid
1735657553479,0.31737,137.0,bid
1735657553589,0.31737,130.0,bid
1735657553788,0.31737,137.0,bid
1735657553839,0.31736,818.0,ask
1735657553988,0.31737,141.0,bid
1735657554083,0.31736,53450.0,ask
1735657554106,0.31735,47421.0,ask
1735657554189,0.31735,131.0,bid
1735657554223,0.31734,680.0,ask
1735657554388,0.31735,129.0,bid
1735657554497,0.31735,11214.0,bid
1735657554667,0.31735,90.0,bid
1735657555213,0.31734,366.0,ask
1735657555497,0.31735,149.0,bid
1735657556442,0.31735,33207.0,bid
1735657556537,0.31736,3134.0,bid
1735657556539,0.31737,589.0,bid
1735657556564,0.31738,35.0,bid
1735657556714,0.31738,433.0,bid
1735657556807,0.31737,355.0,ask
1735657556826,0.31738,37.0,bid
1735657556996,0.31738,3186.0,bid
1735657557485,0.31738,145.0,bid
1735657557670,0.31737,144.0,ask
1735657557749,0.31736,3737.0,bid
1735657557912,0.31735,48.0,ask
1735657557941,0.31736,413.0,bid
1735657558543,0.31735,20.0,ask
1735657559447,0.31736,146.0,bid
1735657559644,0.31735,15.0,ask
1735657559912,0.31736,2220.0,bid
1735657560165,0.31736,1212.0,bid
1735657560174,0.31735,1442.0,ask
1735657560680,0.31735,19657.0,ask
1735657560690,0.31734,11807.0,ask
1735657560778,0.31734,4803.0,bid
1735657560924,0.31734,80.0,bid
1735657561078,0.31734,3.0,bid
1735657561090,0.31733,100.0,ask
1735657561143,0.31734,3157.0,bid
1735657561334,0.31734,18.0,bid
1735657561460,0.31734,7.0,bid
1735657561640,0.31733,17.0,ask
1735657562346,0.31733,198.0,ask
1735657562526,0.31733,187.0,ask
1735657562663,0.31733,243.0,ask
1735657562817,0.31734,1800.0,bid
1735657563180,0.31733,92.0,ask
1735657563346,0.31733,40903.0,ask
1735657563348,0.31732,14982.0,ask
1735657563350,0.31731,52662.0,ask
1735657563387,0.31731,1156.0,bid
1735657563488,0.31730,110.0,ask
1735657563681,0.31730,15956.0,ask
1735657563681,0.31729,2239.0,ask
1735657563922,0.31728,100.0,ask
1735657563927,0.31729,1295.0,bid
1735657564279,0.31728,17.0,ask
1735657564732,0.31728,15084.0,ask
1735657564811,0.31727,22328.0,ask
1735657564925,0.31726,4714.0,ask
1735657564956,0.31725,3630.0,ask
1735657564961,0.31724,66.0,ask
1735657564961,0.31723,96.0,ask
1735657565071,0.31722,13913.0,ask
1735657565084,0.31721,96.0,ask
1735657565241,0.31720,68.0,ask
1735657565244,0.31719,134.0,ask
1735657565709,0.31718,707.0,ask
1735657565785,0.31717,68813.0,ask
1735657565842,0.31716,6130.0,ask
1735657565883,0.31716,84.0,bid
1735657566014,0.31715,5697.0,ask
1735657566077,0.31716,506.0,bid
1735657566283,0.31716,2.0,bid
1735657566439,0.31716,13.0,bid
1735657566454,0.31715,133.0,ask
1735657566496,0.31714,1189.0,ask
1735657566498,0.31713,9283.0,ask
1735657566498,0.31712,112.0,ask
1735657566510,0.31711,1646.0,ask
1735657566512,0.31710,11456.0,ask
1735657566644,0.31709,37812.0,ask
1735657566686,0.31708,5759.0,ask
1735657566686,0.31707,5086.0,ask
1735657567044,0.31707,641.0,ask
1735657567958,0.31708,29.0,bid
1735657568351,0.31708,147.0,bid
1735657568605,0.31707,12379.0,ask
1735657568668,0.31706,69449.0,ask
1735657568683,0.31705,86485.0,ask
1735657568750,0.31704,3855.0,ask
1735657568751,0.31703,1353.0,ask
1735657568753,0.31702,1583.0,ask
1735657568763,0.31701,32.0,ask
1735657568877,0.31701,32.0,bid
1735657569716,0.31700,6179.0,ask
1735657569719,0.31699,2711.0,ask
1735657569786,0.31698,1698.0,ask
1735657569800,0.31697,60.0,ask
1735657569815,0.31697,42.0,bid
1735657569867,0.31696,9383.0,ask
1735657569948,0.31695,3958.0,ask
1735657570382,0.31695,3084.0,ask
1735657570382,0.31694,3673.0,ask
1735657570727,0.31694,896.0,ask
1735657571092,0.31694,5109.0,ask
1735657571447,0.31694,882.0,ask
1735657571815,0.31694,1453.0,ask
1735657571815,0.31693,2421.0,ask
1735657571815,0.31692,191.0,ask
1735657571815,0.31691,2306.0,ask
1735657572754,0.31691,143459.0,bid
1735657573798,0.31691,22108.0,ask
1735657573798,0.31690,1770.0,ask
1735657573807,0.31689,326.0,ask
1735657573987,0.31689,432.0,bid
1735657574122,0.31688,21392.0,ask
1735657574135,0.31687,2488.0,ask
1735657574747,0.31686,2294.0,ask
1735657574976,0.31686,4337.0,ask
1735657574976,0.31685,83.0,ask
1735657574978,0.31684,4732.0,ask
1735657575212,0.31685,3640.0,bid
1735657576078,0.31685,33331.0,bid
1735657576078,0.31686,30709.0,bid
1735657576079,0.31687,57069.0,bid
1735657576166,0.31688,32097.0,ask
1735657576511,0.31688,918.0,ask
1735657576705,0.31688,26.0,ask
1735657576946,0.31688,2.0,ask
1735657577119,0.31688,1553.0,ask
1735657577182,0.31687,6338.0,ask
1735657577182,0.31686,3506.0,ask
1735657577189,0.31685,1104.0,ask
1735657577451,0.31686,96.0,bid
1735657577708,0.31685,89.0,ask
1735657577740,0.31685,1800.0,bid
1735657577852,0.31685,1105.0,bid
1735657577854,0.31684,3161.0,ask
1735657577970,0.31684,602.0,ask
1735657578151,0.31684,11877.0,ask
1735657578151,0.31683,83.0,ask
1735657578384,0.31682,2330.0,ask
1735657578387,0.31681,560.0,ask
1735657578387,0.31680,202.0,ask
1735657578387,0.31679,722.0,ask
1735657578783,0.31679,71631.0,bid
1735657578797,0.31681,15434.0,bid
1735657579361,0.31683,37511.0,bid
1735657579367,0.31684,64.0,bid
1735657579390,0.31684,94.0,ask
1735657579395,0.31685,402.0,bid
1735657579404,0.31685,193.0,ask
1735657579672,0.31686,2540.0,bid
1735657579881,0.31685,10376.0,ask
1735657580022,0.31685,2447.0,ask
1735657580135,0.31686,37.0,bid
1735657580952,0.31685,17052.0,ask
1735657580952,0.31684,32.0,ask
1735657581099,0.31684,680.0,bid
1735657581357,0.31683,54.0,ask
1735657581398,0.31682,1563.0,ask
1735657581400,0.31681,48.0,ask
1735657581405,0.31680,920.0,ask
1735657581619,0.31680,369.0,ask
1735657581619,0.31679,64.0,ask
1735657581619,0.31678,834.0,ask
1735657581887,0.31677,26434.0,ask
1735657581889,0.31676,80.0,ask
1735657582068,0.31675,132.0,ask
1735657582298,0.31675,1028.0,bid
1735657582354,0.31674,28228.0,ask
1735657582356,0.31673,341.0,ask
1735657582357,0.31672,63.0,ask
1735657582575,0.31673,325.0,bid
1735657582685,0.31673,2653.0,bid
1735657583661,0.31672,1501.0,ask
1735657584428,0.31672,3293.0,ask
1735657584493,0.31671,112873.0,ask
1735657584517,0.31670,302.0,ask
1735657584523,0.31670,157.0,bid
1735657585216,0.31669,4131.0,ask
1735657585622,0.31668,29305.0,ask
1735657585626,0.31667,10080.0,ask
1735657585639,0.31666,5080.0,ask
1735657585697,0.31665,11014.0,ask
1735657586040,0.31664,50.0,ask
1735657586081,0.31665,17500.0,bid
1735657588353,0.31665,126.0,bid
1735657588376,0.31664,107651.0,ask
1735657588469,0.31663,5762.0,ask
1735657588469,0.31662,528.0,ask
1735657588526,0.31661,1885.0,ask
1735657588726,0.31661,150.0,ask
1735657588861,0.31661,160.0,ask
1735657589096,0.31661,13841.0,ask
1735657589096,0.31660,3121.0,ask
1735657589098,0.31659,366.0,ask
1735657589149,0.31658,12162.0,ask
1735657589537,0.31659,16090.0,bid
1735657589803,0.31658,2198.0,ask
1735657589912,0.31658,6301.0,ask
