timestamp,price,quantity,side
1711100000000,0.8505,116.81,ask
1711100001424,0.8472,72.63,ask
1711100002100,0.8467,3.96,bid
1711100002412,0.8480,86.57,ask
1711100007144,0.8488,7.69,ask
1711100001105,0.8503,20.65,ask
1711100008328,0.8491,91.90,ask
1711100011046,0.8485,22.67,bid
1711100006368,0.8492,34.27,ask
1711100017442,0.8484,11.90,bid
1711100007270,0.8503,17.19,bid
1711100005841,0.8514,66.69,ask
1711100011112,0.8494,3.65,ask
1711100021177,0.8496,14.00,ask
1711100022596,0.8500,17.72,bid
1711100023925,0.8510,199.79,ask
1711100009056,0.8502,19.89,bid
1711100005389,0.8488,68.79,ask
1711100004896,0.8482,105.33,ask
1711100022078,0.8495,2.22,bid
1711100003300,0.8510,75.40,ask
1711100011424,0.8494,46.24,bid
1711100043824,0.8506,106.55,ask
1711100031326,0.8501,6.72,bid
1711100034152,0.8495,2.73,ask
1711100024425,0.8487,46.75,bid
1711100014378,0.8494,64.60,bid
1711100018144,0.8493,15.24,bid
1711100029120,0.8470,112.59,ask
1711100041441,0.8464,55.89,ask
1711100007500,0.8477,53.39,bid
1711100008773,0.8471,7.02,bid
1711100031360,0.8478,48.37,bid
1711100056991,0.8479,77.09,bid
1711100043996,0.8480,59.47,ask
1711100009100,0.8483,3.53,bid
1711100015552,0.8497,14.72,bid
1711100044992,0.8486,74.40,ask
1711100014706,0.8463,82.06,bid
1711100074919,0.8446,69.89,bid
1711100016200,0.8479,14.31,ask
1711100048626,0.8443,26.40,bid
1711100033180,0.8436,30.65,bid
1711100071767,0.8439,29.05,ask
1711100024772,0.8411,139.23,bid
1711100060840,0.8441,6.35,bid
1711100016928,0.8432,49.12,bid
1711100054238,0.8468,94.99,ask
1711100061488,0.8453,17.71,bid
1711100052822,0.8452,66.97,bid
1711100019350,0.8445,57.12,ask
1711100091494,0.8472,47.54,ask
1711100038324,0.8476,54.60,ask
1711100071921,0.8495,4.54,ask
1711100008640,0.8498,122.02,bid
1711100018315,0.8528,28.62,bid
1711100035392,0.8552,173.80,bid
1711100039273,0.8563,103.37,ask
1711100036540,0.8561,0.41,bid
1711100020650,0.8572,5.33,ask
1711100104520,0.8557,143.50,bid
1711100099247,0.8573,86.50,bid
1711100066030,0.8564,32.48,bid
1711100085617,0.8587,52.26,ask
1711100108608,0.8583,75.25,ask
1711100019565,0.8585,35.53,ask
1711100060720,0.8617,71.66,ask
1711100066196,0.8606,3.02,bid
1711100049980,0.8594,32.27,bid
1711100076452,0.8575,41.21,ask
1711100022120,0.8566,25.07,bid
1711100094998,0.8536,133.49,bid
1711100138384,0.8514,25.67,ask
1711100021900,0.8494,18.05,bid
1711100136086,0.8524,24.39,bid
1711100138675,0.8531,59.84,bid
1711100035720,0.8507,4.51,bid
1711100033187,0.8498,80.77,ask
1711100116844,0.8501,43.45,ask
1711100139198,0.8488,3.77,bid
1711100152160,0.8536,6.35,ask
1711100072090,0.8523,17.94,ask
1711100071094,0.8504,48.52,bid
1711100154131,0.8474,12.25,ask
1711100108528,0.8456,159.39,ask
1711100112200,0.8451,9.63,ask
1711100136654,0.8453,49.46,bid
1711100072297,0.8456,45.11,bid
1711100065296,0.8427,21.14,bid
1711100071022,0.8441,59.75,bid
1711100123660,0.8424,19.89,ask
1711100167531,0.8453,32.01,ask
1711100105800,0.8482,107.24,ask
1711100103416,0.8484,23.18,ask
1711100173430,0.8464,11.84,ask
1711100033250,0.8483,4.82,ask
1711100184608,0.8496,77.58,bid
1711100186337,0.8487,58.71,ask
1711100144158,0.8475,72.10,bid
1711100120879,0.8464,267.94,bid
1711100139000,0.8483,29.33,bid
1711100110393,0.8485,113.79,bid
1711100162486,0.8450,33.61,bid
1711100033166,0.8475,98.59,bid
1711100156208,0.8465,113.64,bid
1711100189630,0.8469,25.80,bid
1711100027878,0.8467,10.30,bid
1711100200946,0.8449,29.44,ask
1711100136512,0.8436,217.39,ask
1711100110090,0.8436,54.78,ask
1711100194480,0.8451,16.06,ask
1711100145410,0.8417,59.46,ask
1711100102928,0.8419,27.43,ask
1711100074693,0.8392,16.70,bid
1711100095988,0.8401,40.45,bid
1711100229310,0.8402,21.47,ask
1711100161588,0.8414,88.83,bid
1711100211068,0.8423,16.00,bid
1711100076464,0.8426,10.79,ask
1711100160174,0.8422,0.45,bid
1711100077520,0.8388,308.45,bid
1711100207273,0.8377,78.07,ask
1711100115656,0.8380,112.54,ask
1711100021648,0.8368,21.82,ask
1711100118048,0.8390,107.76,ask
1711100049250,0.8366,14.37,bid
1711100134442,0.8379,59.19,ask
1711100025781,0.8362,6.35,ask
1711100200064,0.8331,17.76,bid
1711100057792,0.8314,88.81,ask
1711100074230,0.8311,77.58,bid
1711100248507,0.8305,170.00,ask
1711100128964,0.8300,57.31,bid
1711100141645,0.8306,12.96,bid
1711100169778,0.8307,1.46,bid
1711100123255,0.8313,114.50,bid
1711100168912,0.8299,27.69,ask
1711100096174,0.8292,13.44,bid
1711100168360,0.8310,22.87,ask
1711100199187,0.8306,5.39,bid
1711100154840,0.8300,15.69,bid
1711100181749,0.8344,51.83,ask
1711100212006,0.8345,51.63,ask
1711100155584,0.8333,27.06,ask
1711100035568,0.8344,77.99,bid
1711100091785,0.8352,18.67,bid
1711100210386,0.8321,1.21,ask
1711100253869,0.8344,20.65,ask
1711100036260,0.8319,48.67,ask
1711100296659,0.8326,21.54,ask
1711100109950,0.8301,51.32,ask
1711100018120,0.8314,11.28,bid
1711100291840,0.8303,12.87,ask
1711100176868,0.8288,17.65,bid
1711100027412,0.8281,13.55,ask
1711100143220,0.8307,11.48,bid
1711100072540,0.8300,2.38,bid
1711100102678,0.8291,91.92,bid
1711100272076,0.8278,29.84,ask
1711100208449,0.8276,123.69,ask
1711100283840,0.8279,12.40,ask
1711100119623,0.8286,65.93,ask
1711100109998,0.8320,143.02,ask
1711100198045,0.8303,25.76,bid
1711100327344,0.8294,7.21,bid
1711100303930,0.8295,21.90,bid
1711100234392,0.8308,2.68,ask
1711100158817,0.8311,24.89,bid
1711100244440,0.8316,82.29,ask
1711100332085,0.8338,72.84,ask
1711100218280,0.8344,96.13,ask
1711100271035,0.8327,5.60,ask
1711100153424,0.8307,43.14,ask
1711100335966,0.8287,39.70,ask
1711100335820,0.8260,1.22,ask
1711100180250,0.8274,202.20,ask
1711100091696,0.8282,31.71,bid
1711100204435,0.8272,137.38,ask
1711100142578,0.8280,88.24,bid
1711100054953,0.8284,30.43,ask
1711100148500,0.8271,27.51,ask
1711100034933,0.8261,11.56,ask
1711100201656,0.8261,52.40,ask
1711100028548,0.8253,72.58,ask
1711100290904,0.8236,70.16,bid
1711100318385,0.8229,48.20,bid
1711100258540,0.8225,69.69,bid
1711100048807,0.8234,30.62,ask
1711100209432,0.8268,128.87,bid
1711100067851,0.8278,168.64,bid
1711100056050,0.8272,29.47,bid
1711100151654,0.8254,10.13,bid
1711100183168,0.8240,108.53,bid
1711100173314,0.8212,25.87,ask
1711100225816,0.8207,58.11,bid
1711100140010,0.8215,67.91,ask
1711100337708,0.8228,58.34,bid
1711100109926,0.8242,8.55,ask
1711100239778,0.8249,4.64,ask
1711100316211,0.8263,65.60,ask
1711100121400,0.8254,38.69,ask
1711100320796,0.8247,31.82,bid
1711100378750,0.8239,176.32,ask
1711100187166,0.8255,369.37,bid
1711100122604,0.8217,2.73,bid
1711100221400,0.8236,3.33,bid
1711100196318,0.8235,6.07,ask
1711100102051,0.8245,28.65,bid
1711100084864,0.8245,5.50,ask
1711100021318,0.8241,35.02,bid
1711100232260,0.8253,91.37,ask
1711100125334,0.8272,31.58,bid
1711100120628,0.8257,36.45,bid
1711100397671,0.8238,105.05,ask
1711100029746,0.8239,4.39,bid
1711100396675,0.8242,3.64,bid
1711100057888,0.8216,49.88,bid
1711100256277,0.8199,249.83,bid
1711100393054,0.8215,36.71,bid
1711100343392,0.8200,34.19,ask
1711100055000,0.8184,37.76,ask
1711100173706,0.8169,29.92,ask
1711100290154,0.8177,34.23,bid
1711100156769,0.8188,0.53,bid
1711100381920,0.8189,12.51,ask
1711100325125,0.8218,20.02,ask
1711100310298,0.8240,2.25,bid
1711100321432,0.8247,5.93,ask
1711100272916,0.8246,1.76,ask
1711100277090,0.8247,134.48,ask
1711100338330,0.8244,21.39,bid
1711100045045,0.8223,5.25,ask
1711100091872,0.8194,1.97,ask
1711100125587,0.8211,4.12,ask
1711100260208,0.8194,65.74,ask
1711100347330,0.8212,59.16,ask
1711100039176,0.8207,82.95,bid
1711100382044,0.8212,103.10,bid
1711100235620,0.8217,32.01,ask
1711100091537,0.8199,35.46,bid
1711100317760,0.8180,163.05,ask
1711100426088,0.8181,56.21,ask
1711100228448,0.8137,73.05,ask
1711100072414,0.8131,27.29,ask
1711100235704,0.8126,34.60,ask
1711100035035,0.8158,9.36,ask
1711100187206,0.8157,54.80,bid
1711100310232,0.8171,33.41,ask
1711100184016,0.8165,86.31,bid
1711100203184,0.8170,10.95,bid
1711100370250,0.8177,44.92,ask
1711100141062,0.8154,200.55,ask
1711100254268,0.8143,3.28,bid
1711100276023,0.8134,47.34,bid
1711100350266,0.8118,84.40,ask
1711100265455,0.8086,46.59,bid
1711100076544,0.8085,110.70,ask
1711100506290,0.8068,39.63,bid
1711100234006,0.8073,31.68,ask
1711100073556,0.8046,67.06,ask
1711100078520,0.8039,38.63,bid
1711100448398,0.8029,142.37,bid
1711100041134,0.8005,38.33,ask
1711100412121,0.8031,65.75,bid
1711100115368,0.8027,7.47,bid
1711100452620,0.8016,37.47,bid
1711100316806,0.8006,39.05,ask
1711100470187,0.7991,32.34,bid
1711100064588,0.7962,18.05,ask
1711100480703,0.7953,36.15,bid
1711100212220,0.7951,80.41,bid
1711100094850,0.7952,98.47,bid
1711100478992,0.7962,15.71,bid
1711100042861,0.7976,125.27,bid
1711100302496,0.7984,44.35,bid
1711100305250,0.7990,78.31,bid
1711100320712,0.7998,49.14,bid
1711100054015,0.8020,166.97,ask
1711100139000,0.8020,70.86,bid
1711100517545,0.8005,70.50,bid
1711100239400,0.7983,55.10,bid
1711100272570,0.7985,10.81,ask
1711100249852,0.7989,144.50,bid
1711100418557,0.8007,24.92,ask
1711100328304,0.8014,130.87,bid
1711100124260,0.8027,114.66,bid
1711100179322,0.8004,152.65,ask
1711100569408,0.8000,156.26,bid
1711100244512,0.8024,35.97,ask
1711100249985,0.8030,7.65,ask
1711100250850,0.8033,71.72,ask
1711100218250,0.8027,6.39,bid
1711100435664,0.8033,39.94,ask
1711100398187,0.8039,25.47,bid
1711100539490,0.8031,106.20,bid
1711100403560,0.8033,31.73,bid
1711100446368,0.8043,33.49,ask
1711100143748,0.8053,93.55,ask
1711100065858,0.8019,12.66,ask
1711100211692,0.8038,56.43,ask
1711100578400,0.8046,18.36,ask
1711100378959,0.8038,146.71,ask
1711100284182,0.8023,34.67,bid
1711100394203,0.8011,16.50,ask
1711100042256,0.8020,59.85,ask
1711100462075,0.8018,39.07,bid
1711100399024,0.7996,13.60,ask
1711100199243,0.7998,80.06,bid
1711100364672,0.8022,154.20,ask
1711100129162,0.8022,24.83,ask
1711100387190,0.8045,25.53,ask
1711100099209,0.8042,21.74,bid
1711100406224,0.8088,33.67,ask
1711100072616,0.8085,72.18,bid
1711100455300,0.8088,24.31,bid
1711100529515,0.8099,27.90,ask
1711100032232,0.8099,64.96,ask
1711100628928,0.8119,2.36,ask
1711100138966,0.8136,19.57,bid
1711100289333,0.8146,11.45,bid
1711100601280,0.8157,65.41,ask
1711100286011,0.8171,69.87,ask
1711100380604,0.8153,107.72,bid
1711100571710,0.8172,5.97,ask
1711100085536,0.8156,0.62,bid
1711100301925,0.8152,6.43,ask
1711100072698,0.8182,10.88,bid
1711100567345,0.8167,36.11,ask
1711100398848,0.8190,77.38,ask
1711100193781,0.8191,41.17,ask
1711100425040,0.8220,113.02,bid
1711100163845,0.8220,10.08,bid
1711100071712,0.8214,18.11,ask
1711100285381,0.8230,3.92,ask
1711100637940,0.8242,33.56,ask
1711100654255,0.8202,15.70,bid
1711100037632,0.8196,53.98,ask
1711100396312,0.8182,360.30,ask
1711100272428,0.8176,9.46,ask
1711100346797,0.8174,55.40,ask
1711100521220,0.8148,21.81,bid
1711100209374,0.8155,14.44,ask
1711100040014,0.8143,3.46,bid
1711100172529,0.8138,64.85,bid
1711100583424,0.8136,46.48,bid
1711100647565,0.8149,6.02,ask
1711100621070,0.8129,86.47,bid
1711100099936,0.8108,48.39,bid
1711100262044,0.8106,57.16,bid
1711100273965,0.8093,22.56,bid
1711100056350,0.8107,13.65,ask
1711100654966,0.8065,4.23,bid
1711100678656,0.8029,4.33,ask
1711100541149,0.8050,86.45,ask
1711100350106,0.8036,69.35,bid
1711100675210,0.8045,42.60,bid
1711100231400,0.8028,17.44,bid
1711100694008,0.8030,63.48,ask
1711100703470,0.8030,28.04,bid
1711100106264,0.8051,68.47,bid
1711100295200,0.8043,11.53,ask
1711100671460,0.8015,27.79,bid
1711100236386,0.8031,36.16,bid
1711100490413,0.8019,63.74,bid
1711100382564,0.8019,16.19,bid
1711100537645,0.8021,19.01,ask
1711100711504,0.8021,19.93,ask
1711100683354,0.8032,63.79,bid
1711100680800,0.8055,32.05,ask
1711100442800,0.8056,1.62,ask
1711100142820,0.8063,1.81,ask
1711100637749,0.8030,66.87,bid
1711100735444,0.8035,14.29,ask
1711100301384,0.8049,23.78,bid
1711100208318,0.8043,39.64,ask
1711100725250,0.8018,26.98,bid
1711100121072,0.8003,22.36,bid
1711100110084,0.8013,66.91,ask
1711100709128,0.7974,21.23,bid
1711100303958,0.7969,13.45,ask
1711100565060,0.7958,15.64,bid
1711100670941,0.7956,13.91,bid
1711100120330,0.7975,13.24,ask
1711100312145,0.7951,1.95,bid
1711100457344,0.7956,17.11,bid
1711100176330,0.7927,6.98,ask
1711100218090,0.7931,40.15,ask
1711100097911,0.7942,24.89,ask
1711100189344,0.7930,21.63,bid
1711100433735,0.7914,61.57,bid
1711100326820,0.7903,18.55,ask
1711100072335,0.7913,206.81,bid
1711100577024,0.7925,53.15,bid
1711100438588,0.7917,105.96,bid
1711100255312,0.7912,6.11,ask
1711100272550,0.7906,15.27,ask
1711100446292,0.7928,128.85,ask
1711100665769,0.7942,40.45,ask
1711100333126,0.7942,112.35,ask
1711100451668,0.7947,57.62,ask
1711100252400,0.7902,48.55,bid
1711100315587,0.7904,14.20,bid
1711100677772,0.7910,101.70,ask
1711100508989,0.7902,9.17,bid
1711100550248,0.7932,18.68,ask
1711100760590,0.7910,21.57,bid
1711100155092,0.7907,12.26,bid
1711100480260,0.7912,14.02,ask
1711100545904,0.7920,88.98,ask
1711100712069,0.7941,33.42,bid
1711100702330,0.7977,43.30,ask
1711100336198,0.7974,57.91,bid
1711100167684,0.7997,89.97,ask
1711100382438,0.8012,35.83,bid
1711100504252,0.8008,7.81,bid
1711100433675,0.8012,36.07,bid
1711100770016,0.7965,18.09,bid
1711100375717,0.7972,146.42,bid
1711100055176,0.7970,2.47,ask
1711100415229,0.7965,88.80,bid
1711100762720,0.7974,19.68,ask
1711100384373,0.7973,89.10,ask
1711100787452,0.8002,95.93,ask
1711100814275,0.7988,37.68,ask
1711100471064,0.7990,86.22,bid
1711100216325,0.7962,3.42,bid
1711100635166,0.7962,96.58,ask
1711100263459,0.7996,76.31,bid
1711100196452,0.8024,4.73,ask
1711100762333,0.8030,63.23,bid
1711100360770,0.8044,35.90,bid
1711100266789,0.8035,14.46,ask
1711100240192,0.8018,12.91,bid
1711100686738,0.8000,74.40,bid
1711100193130,0.7991,25.80,bid
1711100189225,0.7988,11.43,bid
1711100346184,0.7988,42.20,bid
1711100152076,0.7997,50.78,bid
1711100347334,0.7971,75.48,ask
1711100459194,0.7966,68.16,ask
1711100465520,0.7923,111.49,ask
1711100706923,0.7941,7.91,bid
1711100422994,0.7907,67.54,bid
1711100522297,0.7923,194.28,bid
1711100694416,0.7909,79.58,ask
1711100885550,0.7933,71.03,bid
1711100577124,0.7938,17.66,ask
1711100841701,0.7910,134.60,bid
1711100580160,0.7917,9.06,bid
1711100854447,0.7911,36.04,ask
1711100882000,0.7900,17.23,ask
1711100271502,0.7895,20.28,ask
1711100339000,0.7877,26.15,bid
1711100875196,0.7880,24.56,bid
1711100544346,0.7881,26.25,ask
1711100372190,0.7859,16.24,bid
1711100823080,0.7876,44.55,bid
1711100495845,0.7885,6.07,bid
1711100196024,0.7860,48.39,bid
1711100216189,0.7853,35.97,ask
1711100189980,0.7851,49.79,ask
1711100406602,0.7857,51.80,ask
1711100198660,0.7875,73.39,bid
1711100209276,0.7897,5.81,ask
1711100576288,0.7894,153.54,bid
1711100288300,0.7894,1.44,ask
1711100605800,0.7903,14.43,ask
1711100400686,0.7892,3.91,ask
1711100592956,0.7904,20.26,ask
1711100804804,0.7868,5.35,bid
1711100526870,0.7885,106.13,ask
1711100726753,0.7886,40.42,ask
1711100214760,0.7858,43.01,ask
1711100521246,0.7836,6.77,ask
1711100325164,0.7829,5.72,bid
1711100501125,0.7828,56.38,bid
1711100747796,0.7818,68.52,bid
1711100715023,0.7812,18.88,bid
1711100189766,0.7819,311.17,ask
1711100943151,0.7803,21.23,bid
1711100609120,0.7822,17.94,bid
1711100848003,0.7827,231.70,bid
1711100276668,0.7802,52.87,bid
1711100754929,0.7778,8.26,ask
1711100892012,0.7767,1.78,bid
1711100704220,0.7760,26.45,bid
1711100825228,0.7770,56.52,bid
1711100415411,0.7784,5.82,ask
1711100730048,0.7783,33.20,ask
1711100871398,0.7764,10.66,ask
1711100365540,0.7801,18.14,bid
1711100943211,0.7794,99.62,ask
1711100106272,0.7799,29.53,bid
1711100648788,0.7815,34.51,ask
1711100295906,0.7780,50.53,bid
1711100963765,0.7783,35.82,bid
1711100226176,0.7793,26.33,bid
1711100163016,0.7783,98.61,bid
1711100129978,0.7786,97.56,ask
1711100783929,0.7787,34.28,ask
1711100719000,0.7784,189.70,bid
1711100379257,0.7763,11.09,ask
1711100812738,0.7766,36.35,bid
1711100854597,0.7746,37.35,ask
1711100771120,0.7738,21.39,bid
1711100258055,0.7727,72.62,bid
1711100323840,0.7719,18.61,ask
1711100649467,0.7754,69.30,bid
1711100638556,0.7737,174.81,ask
1711100122160,0.7721,12.42,bid
1711100797640,0.7735,53.59,ask
1711100281050,0.7731,111.45,ask
1711100752640,0.7711,47.95,ask
1711100955719,0.7691,45.83,ask
1711100704180,0.7715,1.22,ask
1711100522725,0.7700,41.84,bid
1711100469044,0.7718,59.15,bid
1711100264704,0.7693,0.07,bid
1711100263662,0.7689,32.08,bid
1711100613458,0.7688,64.65,bid
1711100356200,0.7688,27.66,ask
1711100460043,0.7690,18.41,ask
1711100408726,0.7691,37.12,ask
1711101044431,0.7661,40.17,bid
1711100060784,0.7664,107.50,ask
1711101040025,0.7673,82.59,ask
1711100720094,0.7685,33.18,ask
1711100886414,0.7696,9.14,ask
1711101016400,0.7683,29.62,ask
1711100323219,0.7667,78.57,ask
1711100736170,0.7669,39.49,bid
1711100808713,0.7656,22.34,bid
1711100110124,0.7670,104.95,bid
1711100283556,0.7671,45.23,bid
1711100957996,0.7682,21.03,ask
1711100332770,0.7693,4.83,ask
1711100581560,0.7692,77.47,bid
1711100672324,0.7702,55.49,bid
1711100613858,0.7719,53.44,bid
1711100236621,0.7730,105.11,bid
1711100255420,0.7744,170.99,ask
1711100669758,0.7728,61.43,bid
1711100809748,0.7757,20.35,bid
1711100101541,0.7780,22.02,bid
1711100707200,0.7749,37.14,ask
1711100858375,0.7726,98.03,bid
1711100239148,0.7714,128.74,bid
1711100098460,0.7706,36.86,bid
1711100508544,0.7700,62.83,ask
1711100264618,0.7710,0.58,ask
1711100801900,0.7693,1.01,ask
1711101070593,0.7700,188.00,ask
1711101038864,0.7709,39.91,ask
1711100700651,0.7701,12.68,bid
1711100248192,0.7679,5.76,ask
1711100950715,0.7697,54.63,bid
1711101079752,0.7689,25.64,bid
1711100240624,0.7663,30.31,ask
1711100751626,0.7683,16.53,ask
1711100457262,0.7666,7.48,ask
1711100740880,0.7648,4.79,ask
1711101107975,0.7642,4.06,ask
1711100861546,0.7629,15.69,bid
1711100862516,0.7634,27.36,ask
1711100914244,0.7638,97.91,bid
1711101079150,0.7634,7.64,ask
1711100257530,0.7625,6.12,bid
1711100797202,0.7634,14.07,bid
1711100346480,0.7628,11.58,ask
1711100359039,0.7630,59.88,bid
1711100546630,0.7643,13.83,bid
1711100326041,0.7651,5.00,ask
1711100214500,0.7652,17.95,ask
1711100080793,0.7656,38.04,bid
1711100410984,0.7636,14.55,ask
1711100081650,0.7651,65.24,bid
1711101132992,0.7657,75.14,ask
1711101132651,0.7651,15.56,ask
1711100266458,0.7655,26.43,ask
1711100075270,0.7639,16.90,bid
1711100078300,0.7620,98.14,bid
1711100202188,0.7624,95.25,bid
1711101149450,0.7633,81.83,ask
1711101133935,0.7636,21.25,ask
1711101015576,0.7614,7.64,ask
1711100491400,0.7608,92.45,bid
1711100685034,0.7619,7.08,bid
1711100281760,0.7612,30.70,ask
1711100397488,0.7618,4.51,bid
1711100860529,0.7607,14.04,ask
1711100539850,0.7618,10.38,ask
1711100443841,0.7630,56.62,bid
1711100392496,0.7675,100.45,bid
1711100968369,0.7668,166.28,ask
1711100185328,0.7652,117.96,bid
1711100646170,0.7648,32.10,ask
1711100352236,0.7648,13.48,bid
1711100104475,0.7627,19.03,bid
1711100534612,0.7629,8.65,bid
1711100497769,0.7597,23.84,bid
1711100743400,0.7604,24.94,ask
1711101191182,0.7616,174.99,ask
1711100898786,0.7607,133.75,ask
1711101027512,0.7610,68.72,ask
1711100625744,0.7623,49.72,ask
1711100168795,0.7647,72.91,bid
1711100911424,0.7637,6.03,ask
1711100982126,0.7659,174.97,bid
1711100822016,0.7663,21.88,bid
1711100579159,0.7667,41.17,bid
1711101123010,0.7669,1.42,ask
1711100555399,0.7678,13.11,bid
1711100952272,0.7680,57.54,bid
1711100470784,0.7673,38.01,ask
1711100640402,0.7675,28.28,ask
1711101191870,0.7663,18.66,ask
1711100431816,0.7677,110.90,ask
1711100370200,0.7673,20.33,ask
1711100273774,0.7662,12.75,ask
1711101021350,0.7658,7.88,bid
1711100369520,0.7669,22.43,ask
1711101117179,0.7679,43.81,ask
1711100904388,0.7691,94.45,bid
1711100185031,0.7711,3.31,ask
1711100838656,0.7731,11.95,ask
1711101187500,0.7722,39.18,bid
1711101084232,0.7719,24.56,ask
1711100364287,0.7727,5.82,bid
1711100594088,0.7722,21.77,ask
1711100174862,0.7707,91.66,ask
1711101103130,0.7706,21.45,bid
1711100706720,0.7718,15.32,bid
1711100899336,0.7719,38.17,bid
1711100377901,0.7720,103.31,bid
1711100412100,0.7712,149.49,bid
1711100772160,0.7730,121.22,ask
1711101259916,0.7737,5.32,bid
1711100908362,0.7753,10.78,bid
1711100099528,0.7740,6.55,ask
1711100679896,0.7731,103.30,ask
1711100701440,0.7720,20.16,ask
1711101122391,0.7724,241.86,bid
1711100089238,0.7758,12.05,bid
1711100293851,0.7739,121.62,bid
1711100166152,0.7724,160.22,ask
1711100308955,0.7720,54.49,ask
1711100916028,0.7699,51.05,bid
1711100113225,0.7675,5.49,bid
1711100324000,0.7694,115.32,ask
1711100646404,0.7658,26.57,bid
1711100846300,0.7664,20.71,ask
1711101175706,0.7628,8.95,bid
1711100404892,0.7626,16.91,bid
1711100281443,0.7623,61.71,ask
1711100992118,0.7631,5.26,bid
1711100165060,0.7633,12.72,ask
1711100454608,0.7604,13.65,bid
1711101097190,0.7609,60.99,ask
1711100882378,0.7620,37.63,ask
1711100152229,0.7628,1.72,ask
1711101307460,0.7622,109.43,bid
1711101148818,0.7611,5.86,bid
1711100657366,0.7605,94.87,bid
1711100756483,0.7611,29.15,bid
1711100788168,0.7612,53.85,bid
1711101115870,0.7617,9.92,ask
1711101113552,0.7626,58.52,bid
1711100596965,0.7660,38.52,bid
1711101164324,0.7680,53.35,bid
1711100530517,0.7689,247.09,ask
1711100190950,0.7692,110.80,ask
1711100369721,0.7697,0.92,bid
1711100495264,0.7699,176.15,bid
1711101023633,0.7713,97.31,ask
1711100319476,0.7682,0.48,ask
1711101338525,0.7680,13.56,bid
1711100955864,0.7692,51.32,ask
1711101035810,0.7696,65.79,bid
1711100755292,0.7699,14.76,bid
1711101269730,0.7724,34.63,bid
1711100571200,0.7732,31.02,bid
1711100373869,0.7727,2.65,ask
1711101153262,0.7710,20.91,ask
1711100193972,0.7706,279.29,bid
1711100145008,0.7696,53.95,ask
1711101146005,0.7709,166.08,bid
1711100316932,0.7720,183.05,ask
1711100935694,0.7738,51.09,ask
1711100509808,0.7749,65.56,ask
1711100698646,0.7732,9.75,bid
1711100883200,0.7723,50.35,ask
1711101014388,0.7728,216.64,ask
1711100206216,0.7738,117.40,bid
1711100428274,0.7733,113.71,ask
1711100088832,0.7720,59.43,bid
1711101038330,0.7737,57.43,ask
1711100116928,0.7728,63.53,ask
1711101027378,0.7725,57.19,bid
1711101287810,0.7727,11.66,bid
1711101323207,0.7727,38.97,bid
1711101182300,0.7744,34.36,bid
1711101098467,0.7730,9.26,ask
1711101359072,0.7715,21.46,bid
1711101303362,0.7717,93.17,ask
1711100334400,0.7729,75.90,bid
1711100115620,0.7723,139.99,ask
1711100954512,0.7715,3.60,ask
1711101329160,0.7710,54.45,bid
1711101014564,0.7701,14.85,bid
1711100384278,0.7682,27.89,bid
1711100607760,0.7671,23.91,bid
1711100831870,0.7682,36.11,ask
1711100415808,0.7676,10.68,ask
1711100926187,0.7646,62.30,ask
1711100307734,0.7643,99.70,ask
1711101132560,0.7643,0.41,ask
1711101200732,0.7645,69.13,bid
1711100411558,0.7649,12.48,ask
1711100822110,0.7639,5.45,bid
1711100813908,0.7674,42.78,ask
1711100397440,0.7666,18.08,bid
1711100431158,0.7683,1.85,ask
1711101000692,0.7697,41.86,ask
1711100901581,0.7693,3.17,bid
1711100952784,0.7697,138.26,ask
1711101106350,0.7720,83.92,ask
1711100262812,0.7718,21.32,bid
1711101351493,0.7715,38.37,bid
1711101271816,0.7726,1.10,bid
1711100535815,0.7719,26.75,bid
1711101269470,0.7723,126.10,ask
1711100245616,0.7710,316.97,bid
1711100679296,0.7721,84.15,ask
1711100645773,0.7716,6.22,ask
1711101194218,0.7710,38.37,ask
1711100397635,0.7718,44.35,ask
1711100193568,0.7712,63.20,ask
1711100453255,0.7680,29.86,ask
1711101348326,0.7704,18.74,ask
1711101421097,0.7731,25.48,ask
1711100157620,0.7734,48.58,bid
1711100480168,0.7770,0.88,bid
1711100334642,0.7774,77.17,ask
1711100679102,0.7759,4.78,ask
1711101476096,0.7745,106.47,ask
1711100888040,0.7753,18.69,ask
1711100314812,0.7775,39.22,ask
1711101275876,0.7809,22.43,ask
1711100371008,0.7785,52.23,ask
1711100635901,0.7756,9.53,bid
1711100880500,0.7778,72.35,bid
1711100425817,0.7765,35.68,ask
1711100506096,0.7779,25.45,bid
1711100954051,0.7770,31.34,bid
1711101198106,0.7760,54.87,bid
1711101248015,0.7786,65.30,ask
1711101030428,0.7811,13.31,ask
1711100485994,0.7833,37.09,ask
1711100635204,0.7833,5.44,ask
1711100625416,0.7833,89.43,ask
1711101438680,0.7845,49.94,bid
1711100644567,0.7856,136.88,ask
1711100107442,0.7855,34.22,ask
1711100754607,0.7853,37.79,bid
1711100512644,0.7858,28.35,bid
1711100439110,0.7861,15.34,bid
1711100828812,0.7862,182.88,ask
1711100822991,0.7869,12.42,bid
1711100525312,0.7864,54.72,ask
1711100276071,0.7859,111.02,bid
1711100884730,0.7849,10.73,bid
1711100474936,0.7857,33.12,ask
1711100519556,0.7882,4.75,bid
1711101317192,0.7902,94.37,bid
1711101210536,0.7892,26.66,bid
1711100809100,0.7889,21.33,ask
1711100675120,0.7869,3.18,ask
1711101254855,0.7892,39.53,ask
1711100984170,0.7895,38.00,ask
1711100225910,0.7878,3.98,ask
1711101287780,0.7882,71.31,ask
1711101547942,0.7887,23.80,ask
1711101052572,0.7899,33.80,bid
1711101042956,0.7900,4.63,bid
1711100406896,0.7917,21.40,ask
1711100602095,0.7890,57.78,ask
1711100883464,0.7885,39.39,bid
1711101328456,0.7866,153.23,ask
1711101351420,0.7894,62.11,ask
1711100608319,0.7879,29.09,ask
1711100990660,0.7902,7.45,ask
1711100257866,0.7874,6.60,ask
1711100380952,0.7891,12.05,bid
1711101394887,0.7875,2.11,bid
1711100463696,0.7850,23.60,ask
1711100735375,0.7861,3.65,ask
1711101483744,0.7875,106.24,ask
1711101198688,0.7890,40.60,ask
1711100908124,0.7862,5.79,bid
1711100782221,0.7877,61.51,ask
1711101008800,0.7875,87.61,bid
1711100148986,0.7869,61.13,bid
1711101429966,0.7893,6.97,ask
1711100434423,0.7900,104.87,bid
1711100709128,0.7899,89.33,ask
1711100570745,0.7898,110.80,ask
1711101580566,0.7916,102.17,bid
1711100715809,0.7912,3.71,bid
1711101080296,0.7909,1.32,bid
1711100936822,0.7896,1.72,ask
1711101500120,0.7866,0.44,bid
1711100263575,0.7857,67.80,bid
1711100380828,0.7849,0.01,bid
1711100225201,0.7862,4.48,ask
1711100696784,0.7838,1.36,ask
1711100248575,0.7839,27.05,ask
1711101217472,0.7870,47.24,ask
1711100218956,0.7886,3.94,ask
1711100558694,0.7894,14.71,ask
1711100313677,0.7914,38.60,ask
1711100694540,0.7932,0.84,ask
1711100967138,0.7915,6.93,ask
1711101366164,0.7928,69.60,bid
1711100463349,0.7951,4.79,ask
1711100271096,0.7976,0.51,bid
1711101138500,0.7963,156.98,ask
1711100889602,0.7951,65.16,ask
1711101016383,0.7959,100.49,ask
1711101202256,0.7969,21.14,bid
1711100218027,0.7939,1.01,ask
1711101129630,0.7919,159.84,bid
1711100530178,0.7924,18.01,ask
1711100231296,0.7943,163.44,bid
1711101311975,0.7945,104.56,ask
1711100597978,0.7933,24.61,bid
1711100476785,0.7923,32.29,ask
1711101555796,0.7905,87.98,bid
1711100946647,0.7918,75.45,ask
1711100486878,0.7935,50.26,ask
1711100287777,0.7953,24.02,ask
1711101060080,0.7963,76.07,ask
1711101481842,0.7927,42.82,bid
1711100879890,0.7953,11.84,bid
1711100181245,0.7942,7.87,ask
1711101549584,0.7932,57.39,bid
1711100965835,0.7937,35.76,ask
1711101079496,0.7926,50.17,bid
1711101418725,0.7914,32.40,ask
1711100944672,0.7938,97.78,ask
1711100263190,0.7958,21.90,bid
1711100937550,0.7957,20.36,ask
1711100535279,0.7969,155.81,bid
1711100652632,0.7981,15.20,bid
1711101288030,0.7948,69.89,bid
1711100092232,0.7950,39.66,ask
1711101063620,0.7950,68.48,bid
1711100294464,0.7951,58.15,ask
1711101234937,0.7984,0.54,bid
1711101182324,0.7983,70.90,ask
1711101333168,0.7989,189.41,ask
1711101375140,0.7977,20.63,ask
1711100492492,0.7976,9.65,ask
1711100841312,0.7981,44.68,bid
1711101097736,0.7985,36.50,bid
1711100355968,0.8007,39.46,bid
1711101537105,0.8046,48.49,bid
1711100607066,0.8027,129.14,bid
1711100112710,0.8047,43.54,ask
1711100098084,0.8023,62.29,bid
1711101094940,0.8040,20.85,bid
1711101440720,0.8079,75.47,ask
1711101345695,0.8095,6.59,bid
1711100367984,0.8113,47.09,ask
1711101606320,0.8080,228.38,bid
1711101114350,0.8087,5.79,bid
1711100515375,0.8078,12.99,ask
1711101052076,0.8083,69.18,ask
1711100639333,0.8089,18.87,ask
1711101080818,0.8092,75.05,ask
1711101184013,0.8113,26.98,bid
1711101175680,0.8105,39.52,bid
1711100359448,0.8114,17.86,bid
1711100511560,0.8130,45.70,ask
1711100303752,0.8123,119.19,bid
1711100548080,0.8116,10.69,bid
1711101300950,0.8120,150.44,bid
1711101089780,0.8115,31.45,bid
1711100379636,0.8149,2.54,ask
1711100338328,0.8153,56.02,ask
1711101538859,0.8139,0.06,ask
1711100905130,0.8119,1.45,bid
1711100650430,0.8123,3.94,ask
1711101688556,0.8136,70.28,ask
1711100330410,0.8152,56.47,ask
1711101451856,0.8167,7.33,bid
1711101116065,0.8189,159.10,ask
1711100307328,0.8199,208.29,bid
1711101567059,0.8217,0.55,ask
1711101498762,0.8230,26.01,bid
1711100386570,0.8234,1.89,ask
1711100586800,0.8247,3.46,bid
1711100423470,0.8245,23.31,ask
1711101081498,0.8250,61.97,ask
1711100251034,0.8255,83.81,ask
1711100991688,0.8262,40.10,ask
1711101686015,0.8251,0.58,bid
1711100390486,0.8242,3.60,bid
1711101298824,0.8252,61.42,bid
1711100219736,0.8302,1.04,bid
1711100661752,0.8308,127.26,ask
1711101787240,0.8338,23.30,ask
1711101262646,0.8345,119.61,bid
1711100725952,0.8332,11.75,ask
1711100263857,0.8321,25.05,ask
1711101232986,0.8330,48.93,bid
1711101652490,0.8316,37.22,bid
1711100581660,0.8296,34.50,bid
1711101488291,0.8297,5.03,ask
1711101268676,0.8312,3.17,bid
1711100156230,0.8295,4.22,bid
1711100368920,0.8305,2.57,bid
1711101309662,0.8293,30.90,bid
1711100695188,0.8270,14.05,ask
1711101760161,0.8268,147.71,ask
1711101066296,0.8265,66.24,ask
1711101532725,0.8284,18.35,bid
1711100152790,0.8292,73.87,bid
1711100577521,0.8309,13.10,ask
1711100325728,0.8308,9.90,bid
1711100857467,0.8316,54.48,ask
1711100746790,0.8353,25.21,ask
1711101430016,0.8326,38.25,bid
1711101634728,0.8316,23.95,bid
1711101864134,0.8294,4.48,bid
1711100298880,0.8287,35.56,bid
1711101751255,0.8279,30.32,ask
1711101637064,0.8292,10.22,ask
1711100274541,0.8278,42.18,bid
1711101074010,0.8286,95.91,ask
1711101171872,0.8301,19.96,ask
1711100955980,0.8300,53.90,ask
1711100585302,0.8306,15.99,bid
1711101537344,0.8292,21.25,ask
1711100617665,0.8298,34.38,ask
1711100903408,0.8304,39.84,ask
1711101300320,0.8291,32.73,ask
1711101701854,0.8288,2.39,bid
1711100163831,0.8304,39.55,bid
1711100408588,0.8298,79.76,ask
1711101297283,0.8320,11.32,ask
1711101153300,0.8297,31.35,bid
1711101348518,0.8294,24.10,bid
1711100116144,0.8303,2.83,ask
1711100390730,0.8302,84.33,bid
1711100155502,0.8312,29.22,ask
1711100615020,0.8363,84.19,ask
1711101800148,0.8375,53.86,ask
1711101812558,0.8386,30.29,bid
1711100545102,0.8404,138.68,bid
1711101444254,0.8424,1.15,bid
1711101057920,0.8418,6.15,bid
1711101619285,0.8423,55.77,ask
1711101696006,0.8412,137.31,bid
1711101021743,0.8380,142.79,bid
1711101226208,0.8376,9.92,bid
1711100521100,0.8349,158.47,bid
1711100597954,0.8377,119.54,bid
1711101307384,0.8381,1.06,ask
1711100883784,0.8366,54.48,ask
1711101609509,0.8353,60.18,ask
1711100913740,0.8343,19.01,bid
1711100691352,0.8342,78.90,bid
1711100284796,0.8326,6.17,bid
1711101722210,0.8322,92.78,ask
1711101601256,0.8318,266.14,ask
1711101132950,0.8318,2.78,ask
1711100154208,0.8313,116.58,ask
1711100134826,0.8319,80.50,ask
1711100267972,0.8318,4.91,ask
1711101572274,0.8292,34.23,bid
1711101574860,0.8264,98.39,bid
1711101127169,0.8274,43.78,bid
1711100646156,0.8244,111.32,ask
1711101152076,0.8232,109.54,ask
1711100506760,0.8212,62.50,ask
1711101364225,0.8239,17.82,bid
1711101089530,0.8214,0.19,ask
1711101242633,0.8217,53.79,ask
1711101788280,0.8218,54.45,ask
1711100876254,0.8238,0.10,ask
1711100905850,0.8256,43.56,bid
1711101623258,0.8263,47.56,ask
1711100938432,0.8276,120.98,ask
1711101832085,0.8278,23.01,bid
1711101688806,0.8268,5.25,ask
1711100306460,0.8269,8.21,bid
1711101930248,0.8287,33.27,ask
1711101016940,0.8278,2.98,bid
1711101251492,0.8290,20.57,ask
1711100532467,0.8276,13.49,bid
1711100948000,0.8273,92.12,ask
1711100527527,0.8251,35.89,bid
1711100974946,0.8286,17.46,ask
1711101745220,0.8301,27.04,ask
1711101122472,0.8320,119.76,bid
1711101868295,0.8284,129.98,ask
1711100660942,0.8285,71.65,bid
1711101962643,0.8307,9.15,bid
1711102012976,0.8319,41.58,ask
1711100369294,0.8299,33.45,bid
1711101498840,0.8303,143.22,bid
1711101532676,0.8321,31.84,ask
1711101830708,0.8318,113.25,ask
1711101642073,0.8320,47.54,ask
1711100543504,0.8328,12.37,bid
1711101655465,0.8305,10.73,ask
1711100611632,0.8311,46.62,bid
1711100352899,0.8312,30.56,ask
1711101285734,0.8312,6.26,bid
1711100487082,0.8339,61.66,bid
1711101214820,0.8313,29.10,ask
1711101448799,0.8335,2.46,bid
1711101515626,0.8313,5.91,bid
1711100977988,0.8300,90.60,ask
1711100379904,0.8297,7.86,ask
1711100471500,0.8324,17.20,bid
1711100245214,0.8312,5.01,ask
1711100524797,0.8327,36.11,bid
1711100959124,0.8334,72.31,bid
1711100203742,0.8336,25.86,bid
1711101947730,0.8360,84.36,bid
1711100514469,0.8368,18.54,bid
1711101425192,0.8381,23.55,bid
1711101828410,0.8371,9.87,ask
1711100594550,0.8374,36.26,bid
1711100928395,0.8409,13.38,bid
1711101558144,0.8414,36.65,ask
1711100686494,0.8401,183.61,ask
1711101833108,0.8424,16.67,bid
1711100208839,0.8466,11.94,bid
1711101278160,0.8436,32.56,bid
1711100792201,0.8412,94.68,bid
1711101663032,0.8426,25.93,bid
1711101178590,0.8425,66.40,bid
1711101582704,0.8416,1.99,bid
1711101858010,0.8385,53.17,ask
1711100582622,0.8373,14.39,bid
1711101437531,0.8363,24.42,ask
1711100863552,0.8362,95.41,ask
1711101559863,0.8374,161.53,bid
1711100401100,0.8372,111.60,ask
1711100965869,0.8394,67.26,ask
1711101192968,0.8368,72.78,ask
1711101977534,0.8364,74.70,ask
1711101056108,0.8357,154.24,bid
1711101557180,0.8362,8.85,bid
1711100134112,0.8372,115.15,ask
1711100286447,0.8357,44.64,ask
1711101601812,0.8364,21.46,bid
1711101134189,0.8338,65.13,bid
1711100131440,0.8309,39.56,bid
1711101975582,0.8319,270.90,bid
1711101787346,0.8302,0.90,ask
1711101140599,0.8291,39.26,ask
1711101443848,0.8284,36.82,ask
1711101760445,0.8291,86.72,ask
1711101444430,0.8303,87.42,ask
1711100278487,0.8325,70.56,bid
1711101176936,0.8322,75.19,ask
1711100365598,0.8308,25.20,bid
1711100310300,0.8317,1.64,bid
1711101250928,0.8314,75.96,ask
1711100663568,0.8326,18.17,bid
1711100527916,0.8311,3.95,bid
1711101366128,0.8319,92.50,ask
1711102017775,0.8335,32.44,bid
1711100741364,0.8358,26.78,bid
1711100905757,0.8363,37.32,ask
1711100326634,0.8410,35.27,ask
1711101210638,0.8402,43.26,ask
1711101411560,0.8394,43.04,ask
1711101390166,0.8405,17.74,bid
1711101572146,0.8377,30.21,bid
1711101518366,0.8372,188.23,bid
1711100253656,0.8385,76.94,ask
1711101361675,0.8383,86.36,ask
1711101153332,0.8353,34.17,bid
1711100681549,0.8363,25.54,ask
1711101498176,0.8379,113.55,bid
1711101569249,0.8371,19.29,bid
1711101257860,0.8381,6.12,ask
1711100780065,0.8389,9.00,ask
1711100447720,0.8395,28.69,bid
1711100339923,0.8426,0.12,ask
1711101195742,0.8417,29.95,ask
1711102011515,0.8430,123.40,ask
1711101837992,0.8440,75.80,ask
1711102044808,0.8439,11.46,ask
1711102090592,0.8436,81.26,ask
1711101404522,0.8422,34.17,bid
1711101694000,0.8429,8.42,ask
1711101584339,0.8425,33.43,ask
1711101559330,0.8412,31.31,ask
1711101827671,0.8407,42.37,ask
1711100957168,0.8406,80.85,bid
1711101198925,0.8421,56.41,bid
1711100681296,0.8402,29.33,bid
1711102051271,0.8389,58.71,ask
1711101482504,0.8399,15.78,ask
1711101229881,0.8376,56.70,bid
1711100722610,0.8407,22.51,bid
1711101480963,0.8453,8.32,bid
1711101867048,0.8463,40.73,ask
1711100486381,0.8465,9.74,bid
1711100818790,0.8465,58.69,bid
1711102143030,0.8477,53.64,bid
1711101526688,0.8448,69.07,ask
1711100336217,0.8453,3.69,bid
1711100825084,0.8436,22.36,bid
1711100303249,0.8443,35.02,bid
1711101637440,0.8421,23.37,ask
1711100531354,0.8426,4.89,bid
1711100904332,0.8427,16.70,ask
1711100297595,0.8415,24.17,bid
1711100397896,0.8376,2.99,bid
1711101109250,0.8353,58.76,bid
1711101542620,0.8364,17.84,bid
1711100315560,0.8405,43.56,bid
1711100997152,0.8388,84.55,ask
1711100628853,0.8380,8.55,bid
1711100726590,0.8376,11.10,ask
1711100679731,0.8383,128.07,bid
1711101859876,0.8365,86.74,bid
1711101087680,0.8378,55.40,bid
1711101690794,0.8365,39.76,ask
1711101830755,0.8384,105.10,ask
1711100502112,0.8404,147.32,ask
1711100880038,0.8406,59.38,bid
1711101264318,0.8410,46.96,ask
1711100932841,0.8432,36.67,ask
1711101247160,0.8431,38.45,bid
1711100676613,0.8424,115.27,bid
1711100502480,0.8391,108.70,ask
1711101301877,0.8377,82.50,ask
1711101036464,0.8386,29.51,bid
1711101854900,0.8369,52.80,bid
1711101544808,0.8352,4.75,ask
1711100727198,0.8380,40.79,bid
1711102294852,0.8386,47.05,bid
1711100496368,0.8391,27.70,ask
1711100480700,0.8369,12.95,bid
1711100921951,0.8376,67.55,bid
1711100163584,0.8381,75.38,ask
1711101466616,0.8391,7.02,bid
1711100446598,0.8387,91.55,bid
1711100595980,0.8402,28.07,ask
1711101409164,0.8426,103.62,bid
1711101563107,0.8412,53.41,ask
1711101412760,0.8417,36.10,ask
1711102131401,0.8415,20.30,ask
1711100816640,0.8410,49.84,ask
1711100705888,0.8387,34.57,bid
1711101430422,0.8371,32.18,ask
1711102075955,0.8374,203.49,ask
1711101527168,0.8384,33.20,ask
1711101734685,0.8384,32.07,ask
1711100290334,0.8386,3.90,ask
1711102014242,0.8370,23.68,bid
1711101250928,0.8360,6.18,bid
1711101170169,0.8359,2.96,ask
1711101208610,0.8369,21.74,bid
1711101312691,0.8383,23.78,ask
1711100630536,0.8382,8.62,bid
1711100579462,0.8385,44.33,ask
1711101706996,0.8384,69.45,bid
1711100159800,0.8381,97.89,bid
1711100683256,0.8361,49.76,ask
1711100776820,0.8354,38.48,ask
1711100527744,0.8369,87.93,ask
1711101742562,0.8369,26.02,bid
1711102168840,0.8361,126.47,bid
1711100418074,0.8349,17.53,bid
1711102142966,0.8319,50.05,ask
1711100746473,0.8316,9.89,ask
1711100277056,0.8303,2.67,bid
1711101932735,0.8263,92.08,ask
1711101329506,0.8264,2.22,bid
1711101130024,0.8273,80.64,bid
1711100312444,0.8292,9.98,ask
1711100537428,0.8282,10.48,ask
1711101807610,0.8288,28.49,bid
1711100875385,0.8283,39.41,ask
1711101046576,0.8300,13.55,ask
1711100697905,0.8283,2.63,ask
1711101222656,0.8286,2.79,bid
1711100991850,0.8344,34.27,ask
1711101320384,0.8368,61.08,ask
1711101752408,0.8366,107.89,bid
1711100757136,0.8390,69.37,bid
1711100460416,0.8381,29.18,ask
1711101264800,0.8399,2.97,bid
1711102301116,0.8408,248.50,ask
1711101733284,0.8413,64.71,ask
1711101289616,0.8421,135.33,ask
1711100332304,0.8423,60.07,ask
1711100604910,0.8430,22.04,ask
1711102358936,0.8417,16.92,bid
1711100935425,0.8456,24.23,ask
1711101448392,0.8463,104.92,bid
1711102404701,0.8480,1.23,bid
1711101064800,0.8463,13.08,ask
1711101047515,0.8435,48.48,ask
1711100551460,0.8422,21.65,ask
1711102418722,0.8445,3.96,bid
1711100154178,0.8460,52.51,ask
1711101569780,0.8466,43.88,bid
1711102000320,0.8464,57.40,ask
1711101942332,0.8493,31.68,ask
1711102012136,0.8502,39.73,bid
1711100587558,0.8509,0.49,ask
1711101621380,0.8498,25.16,bid
1711102301585,0.8481,45.87,ask
1711101969864,0.8491,1.68,bid
1711101309833,0.8502,7.21,bid
1711100920448,0.8483,7.79,ask
1711102332400,0.8487,104.22,ask
1711101740920,0.8496,21.09,bid
1711101651542,0.8488,93.55,ask
1711101585348,0.8475,30.82,bid
1711101854561,0.8500,37.53,ask
1711101024590,0.8519,79.21,bid
1711101234693,0.8508,6.81,bid
1711100319088,0.8514,1.73,ask
1711100510462,0.8495,15.04,ask
1711102370514,0.8502,114.94,bid
1711101347385,0.8496,7.87,bid
1711101332408,0.8453,158.18,bid
1711100486141,0.8481,39.98,bid
1711100238934,0.8479,14.82,ask
1711100968898,0.8464,11.48,ask
1711101957960,0.8472,54.35,ask
1711101883838,0.8469,35.58,bid
1711100999810,0.8457,68.97,bid
1711102190166,0.8461,9.45,bid
1711102348672,0.8421,14.26,bid
1711101957140,0.8427,2.37,bid
1711101341942,0.8426,5.19,bid
1711101577455,0.8477,65.34,bid
1711100803712,0.8452,1.75,bid
1711100194844,0.8470,55.45,ask
1711102035000,0.8440,36.98,ask
1711102094174,0.8457,45.62,bid
1711101731516,0.8460,10.29,ask
1711102295496,0.8425,26.17,bid
1711100436392,0.8417,39.37,bid
1711102133500,0.8379,63.23,ask
1711101728256,0.8376,25.28,bid
1711101519713,0.8359,93.69,bid
1711101717170,0.8353,60.38,ask
1711100543888,0.8359,32.90,ask
1711102334780,0.8322,20.87,ask
1711100793169,0.8320,1.06,bid
1711101675936,0.8311,15.96,bid
1711102114262,0.8274,58.89,ask
1711101605280,0.8267,28.06,ask
1711100799480,0.8275,12.10,bid
1711100635532,0.8269,19.53,ask
1711102523864,0.8295,3.17,bid
1711100344896,0.8278,54.49,ask
1711101984716,0.8279,83.98,ask
1711102043430,0.8258,8.97,bid
1711101121022,0.8284,172.43,bid
1711102481672,0.8275,83.94,ask
1711100421363,0.8299,8.94,bid
1711101902082,0.8287,29.66,bid
1711100332775,0.8292,127.09,ask
1711102470336,0.8312,87.45,ask
1711101780138,0.8295,12.21,ask
1711101345734,0.8272,20.62,bid
1711101350624,0.8245,63.07,ask
1711100583680,0.8248,60.76,bid
1711100199836,0.8262,18.63,bid
1711101252514,0.8268,317.44,ask
1711100819837,0.8250,59.23,bid
1711102229024,0.8274,15.39,ask
1711102007170,0.8252,2.44,ask
1711102268504,0.8293,7.51,bid
1711102117115,0.8296,10.72,ask
1711101354976,0.8315,40.26,ask
1711100871364,0.8314,18.09,bid
1711102376180,0.8301,16.04,ask
1711100322750,0.8316,8.43,ask
1711101784252,0.8320,56.00,ask
1711101779168,0.8324,96.74,ask
1711102515536,0.8328,7.29,bid
1711101924370,0.8336,6.29,ask
1711100159408,0.8321,13.54,bid
1711101108935,0.8298,32.80,ask
1711102441538,0.8302,46.90,bid
1711102244672,0.8281,14.90,ask
1711101911000,0.8307,29.17,ask
1711101284087,0.8318,9.21,bid
1711100830676,0.8339,51.12,ask
1711100663227,0.8353,46.43,ask
1711102284608,0.8324,66.25,ask
1711100950040,0.8329,29.67,bid
1711101876722,0.8347,25.43,bid
1711101740924,0.8335,20.37,ask
1711100438180,0.8340,22.49,bid
1711100132209,0.8346,3.21,bid
1711101999060,0.8328,22.20,bid
1711100903279,0.8297,59.93,ask
1711102103136,0.8298,10.24,bid
1711102301689,0.8300,11.76,ask
1711101148436,0.8289,25.53,ask
1711101267660,0.8316,1.85,ask
1711101843716,0.8296,183.87,bid
1711100525483,0.8284,3.09,bid
1711101154568,0.8292,12.24,bid
1711100462969,0.8303,27.58,ask
1711102073720,0.8311,53.94,ask
1711102634074,0.8288,40.99,bid
1711101964492,0.8306,97.96,bid
1711100746172,0.8298,8.12,bid
1711100728200,0.8312,19.65,bid
1711101453525,0.8320,82.25,bid
1711102255526,0.8291,24.20,bid
1711100881128,0.8317,1.37,bid
1711101231056,0.8324,21.00,ask
1711102408148,0.8329,11.81,bid
1711101189020,0.8342,43.59,bid
1711101261788,0.8340,24.40,ask
1711100765900,0.8362,78.17,ask
1711100789136,0.8395,48.36,bid
1711102374520,0.8386,21.10,bid
1711102439045,0.8432,10.49,bid
1711101287904,0.8431,3.35,bid
1711102112460,0.8422,3.90,bid
1711102467272,0.8405,152.39,ask
1711100415090,0.8385,78.03,bid
1711101341340,0.8333,299.34,ask
1711101190808,0.8358,13.14,ask
1711102246508,0.8358,58.53,ask
1711101427609,0.8345,38.15,ask
1711100247296,0.8330,3.65,ask
1711101779435,0.8332,0.57,bid
1711101331194,0.8334,8.34,bid
1711100343485,0.8328,40.66,bid
1711101152540,0.8370,160.02,ask
1711102613013,0.8401,37.33,ask
1711102226150,0.8400,74.97,bid
1711100176981,0.8404,23.71,bid
1711101879280,0.8418,23.14,bid
1711102301453,0.8420,15.52,bid
1711102624052,0.8409,51.04,ask
1711102013530,0.8406,18.75,bid
1711102363508,0.8411,12.17,ask
1711101443848,0.8417,67.09,bid
1711102464770,0.8435,10.40,ask
1711101561491,0.8404,25.07,ask
1711102301120,0.8414,38.09,bid
1711100597479,0.8424,72.88,ask
1711101707948,0.8442,13.26,ask
1711102052678,0.8457,25.09,bid
1711100175956,0.8460,5.71,bid
1711102414685,0.8454,40.15,bid
1711100443950,0.8448,39.58,bid
1711101839982,0.8446,29.28,bid
1711102380320,0.8408,152.23,bid
1711100361416,0.8423,41.34,ask
1711100458950,0.8419,8.46,ask
1711102444493,0.8416,113.20,ask
1711100670908,0.8395,112.91,bid
1711101290620,0.8399,22.21,bid
1711100898596,0.8429,111.80,ask
1711101585375,0.8413,77.32,bid
1711102124544,0.8461,2.78,ask
1711101714365,0.8467,59.56,ask
1711101814826,0.8442,19.85,bid
1711102756621,0.8473,59.85,bid
1711100287040,0.8469,102.81,bid
1711100716739,0.8468,119.50,ask
1711102458578,0.8489,38.17,bid
1711102445144,0.8462,73.95,ask
1711102239312,0.8496,99.66,bid
1711100455665,0.8508,42.74,ask
1711100451836,0.8493,69.08,ask
1711101898803,0.8486,30.37,bid
1711101880740,0.8493,17.41,ask
1711101390389,0.8485,26.67,bid
1711102419990,0.8475,22.19,ask
1711101802736,0.8468,11.38,ask
1711102738064,0.8471,29.71,ask
1711101810900,0.8481,102.76,bid
1711101607282,0.8469,154.21,ask
1711102261295,0.8458,31.71,ask
1711101778504,0.8480,67.00,ask
1711100771144,0.8462,15.52,bid
1711101923648,0.8449,30.92,bid
1711102038343,0.8456,13.49,bid
1711100170800,0.8430,8.51,bid
1711101125003,0.8446,0.87,ask
1711101972614,0.8446,12.92,bid
1711102466474,0.8416,27.37,bid
1711100425412,0.8392,168.15,ask
1711102571150,0.8365,45.38,bid
1711101619712,0.8374,68.93,ask
1711100647220,0.8368,18.01,bid
1711101909248,0.8349,58.78,bid
1711101734479,0.8331,6.08,bid
1711101534080,0.8341,29.55,bid
1711101917549,0.8346,42.11,bid
1711102396164,0.8353,58.99,ask
1711102024829,0.8351,3.81,ask
1711100313908,0.8326,51.96,bid
1711100923995,0.8325,41.26,ask
1711101580256,0.8330,32.67,ask
1711102508090,0.8331,39.38,ask
1711101532858,0.8352,5.23,ask
1711100210012,0.8350,162.90,bid
1711101133160,0.8356,21.50,bid
1711102559221,0.8328,94.77,ask
1711101642410,0.8344,18.05,bid
1711101218088,0.8322,18.98,bid
1711101463872,0.8347,33.22,bid
1711101654425,0.8376,8.69,bid
1711101518690,0.8365,75.10,ask
1711100292535,0.8349,8.60,bid
1711102804592,0.8345,115.51,ask
1711101834836,0.8368,5.74,ask
1711102702700,0.8383,6.39,bid
1711101516860,0.8352,3.98,bid
1711102432968,0.8354,16.06,ask
1711100617623,0.8343,9.52,bid
1711102830716,0.8335,18.09,ask
1711101277150,0.8316,32.05,bid
1711100462392,0.8314,42.73,bid
1711102859630,0.8306,77.76,ask
1711102379890,0.8316,125.85,ask
1711100948301,0.8319,151.72,ask
1711101717920,0.8296,2.67,bid
1711101538988,0.8288,4.48,ask
1711100211974,0.8287,32.73,bid
1711102683980,0.8305,35.18,bid
1711100436088,0.8306,68.19,bid
1711101329400,0.8294,78.01,bid
1711101538544,0.8268,9.58,ask
1711102828885,0.8273,28.51,bid
1711101588456,0.8250,49.96,ask
1711100297045,0.8244,15.75,ask
1711102196750,0.8224,32.47,bid
1711102706115,0.8218,61.67,ask
1711100283140,0.8175,28.20,bid
1711101963003,0.8145,26.06,bid
1711101599400,0.8165,0.46,bid
1711101775100,0.8177,74.52,ask
1711101838928,0.8159,1.47,bid
1711101940724,0.8130,107.75,ask
1711102106810,0.8145,155.27,ask
1711102465710,0.8152,8.28,bid
1711102841160,0.8141,0.60,ask
1711101611483,0.8135,33.37,bid
1711101061412,0.8118,3.19,ask
1711100209209,0.8114,90.46,ask
1711100606096,0.8128,49.95,bid
1711102024630,0.8128,99.92,bid
1711102911476,0.8148,113.90,ask
1711100862596,0.8163,21.17,bid
1711101077512,0.8152,2.69,bid
1711102741154,0.8174,8.83,bid
1711101039290,0.8151,61.30,ask
1711101278299,0.8129,26.62,bid
1711101111360,0.8126,10.87,bid
1711101716045,0.8109,3.48,bid
1711101145298,0.8127,28.93,bid
1711100687350,0.8141,54.07,ask
1711101812528,0.8152,12.77,ask
1711101906807,0.8165,10.57,bid
1711100455224,0.8178,34.25,bid
1711101007199,0.8182,58.18,ask
1711102110480,0.8181,13.50,bid
1711102459941,0.8203,0.20,ask
1711101139658,0.8204,21.17,ask
1711101339149,0.8199,26.72,ask
1711102502024,0.8190,3.74,ask
1711101188000,0.8182,7.04,ask
1711102003128,0.8184,47.11,ask
1711102620094,0.8163,50.51,bid
1711102246880,0.8164,35.49,ask
1711100650693,0.8154,81.79,bid
1711102366120,0.8120,16.14,bid
1711100466683,0.8123,43.61,bid
1711101684468,0.8093,24.92,bid
1711102596327,0.8105,145.83,ask
1711102514402,0.8090,40.87,bid
1711100411125,0.8112,25.84,ask
1711100255816,0.8102,1.32,ask
1711102989509,0.8109,23.77,bid
1711100960218,0.8119,26.49,bid
1711101966688,0.8102,54.11,bid
1711101560000,0.8108,41.13,bid
1711100396264,0.8110,61.31,bid
1711100871160,0.8106,2.61,ask
1711102780550,0.8088,44.09,ask
1711101305472,0.8064,16.81,bid
1711101172395,0.8071,37.47,ask
1711102144544,0.8064,28.42,bid
1711100271260,0.8084,9.45,bid
1711100515736,0.8099,222.24,ask
1711102059785,0.8116,48.74,ask
1711100998110,0.8112,37.89,ask
1711102814993,0.8086,95.00,bid
1711102587032,0.8077,47.24,bid
1711100559810,0.8065,115.21,ask
1711100218016,0.8054,81.59,ask
1711101058985,0.8057,104.51,ask
1711102270968,0.8063,172.30,bid
1711102231507,0.8091,51.42,bid
1711100935088,0.8071,46.03,bid
1711100838488,0.8075,4.22,bid
1711101416640,0.8083,83.05,ask
1711101271556,0.8059,21.53,bid
1711101232820,0.8048,49.39,bid
1711102141338,0.8058,49.57,bid
1711101287780,0.8060,19.39,ask
1711102264625,0.8036,14.70,bid
1711102144030,0.8051,26.86,ask
1711101113183,0.8039,9.22,bid
1711100281152,0.8047,110.70,bid
1711101178859,0.8049,76.02,ask
1711102838150,0.8049,15.13,ask
1711102918086,0.8036,158.70,ask
1711101075464,0.8061,46.43,ask
1711101396563,0.8083,4.66,ask
1711101250210,0.8067,7.79,bid
1711102520470,0.8080,68.43,ask
1711102299392,0.8084,42.79,bid
1711101722977,0.8071,0.28,ask
1711101953260,0.8104,22.04,ask
1711101703673,0.8111,17.26,bid
1711100274120,0.8138,117.21,bid
1711100463841,0.8153,4.68,ask
1711102120250,0.8157,21.57,ask
1711100436669,0.8156,4.50,ask
1711102856400,0.8179,60.08,bid
1711100769410,0.8185,89.83,ask
1711102895658,0.8182,0.04,bid
1711101229865,0.8181,106.82,ask
1711101626948,0.8173,179.21,ask
1711101073457,0.8178,14.58,bid
1711101071050,0.8208,22.70,ask
1711101056231,0.8214,10.18,bid
1711101159344,0.8215,1.20,ask
1711102736386,0.8238,11.38,bid
1711102121210,0.8255,56.41,bid
1711101741600,0.8261,8.94,bid
1711101464196,0.8241,5.45,bid
1711100585432,0.8267,58.25,bid
1711102678202,0.8257,53.35,bid
1711102865442,0.8265,12.84,ask
1711102569320,0.8284,15.38,ask
1711101693685,0.8297,103.60,ask
1711102360182,0.8301,9.84,bid
1711100157863,0.8283,8.46,ask
1711100317492,0.8304,20.18,bid
1711103043925,0.8277,105.16,bid
1711101993518,0.8273,2.88,bid
1711100680078,0.8271,61.88,bid
1711100928256,0.8260,51.89,bid
1711102926185,0.8298,4.21,bid
1711102749070,0.8281,12.66,ask
1711100622116,0.8271,249.11,bid
1711102692836,0.8279,32.75,ask
1711101130987,0.8279,145.93,ask
1711101783342,0.8252,94.24,ask
1711101307250,0.8249,144.40,ask
1711101877016,0.8232,40.69,bid
1711101624310,0.8254,23.69,ask
1711100882102,0.8263,1.20,ask
1711102057437,0.8247,8.00,ask
1711101027000,0.8272,29.23,bid
1711102852124,0.8264,80.03,ask
1711101040956,0.8269,21.91,bid
1711102290601,0.8284,51.68,bid
1711100609840,0.8275,54.77,bid
1711101483560,0.8289,37.23,bid
1711100651846,0.8272,22.67,ask
1711102010729,0.8269,112.16,ask
1711100876576,0.8275,6.75,bid
1711101430100,0.8263,48.52,bid
1711100484950,0.8245,183.32,bid
1711102308541,0.8237,25.52,bid
1711100967936,0.8244,73.14,bid
1711102043819,0.8266,26.32,bid
1711100556306,0.8259,12.24,ask
1711101507275,0.8273,24.96,bid
1711100639996,0.8284,120.66,ask
1711100563741,0.8261,37.92,bid
1711103173628,0.8257,24.87,bid
1711102273778,0.8257,130.24,ask
1711102240000,0.8238,20.46,ask
1711101259987,0.8218,45.39,ask
1711101329660,0.8228,146.08,ask
1711101287209,0.8257,52.66,bid
1711102470160,0.8240,10.17,bid
1711100372360,0.8230,86.14,ask
1711100663278,0.8234,0.34,ask
1711102449068,0.8241,12.71,ask
1711100294264,0.8220,4.09,ask
1711100456956,0.8200,57.82,ask
1711102535750,0.8215,34.63,ask
1711100336699,0.8233,139.33,ask
1711101391156,0.8226,162.43,bid
1711100767788,0.8234,3.10,ask
1711103218316,0.8225,3.77,ask
1711102616300,0.8227,32.29,bid
1711101982832,0.8233,4.07,bid
1711102884728,0.8222,141.70,bid
1711100360814,0.8250,34.02,ask
1711102972484,0.8249,53.99,ask
1711101720440,0.8250,81.27,ask
1711100369588,0.8239,32.28,ask
1711101062410,0.8252,2.63,bid
1711102504289,0.8253,11.74,ask
1711100215992,0.8256,2.59,bid
1711100326625,0.8277,49.59,ask
1711103079644,0.8293,60.74,bid
1711101269060,0.8260,8.03,ask
1711103199020,0.8276,31.61,bid
1711101793529,0.8295,5.48,ask
1711101348010,0.8289,32.45,bid
1711103247321,0.8308,21.59,ask
1711103174240,0.8294,30.27,ask
1711102689551,0.8270,23.97,ask
1711102949370,0.8261,45.97,bid
1711102560410,0.8262,6.07,ask
1711102648684,0.8266,88.74,bid
1711102044613,0.8265,76.49,ask
1711101305486,0.8254,4.84,ask
1711100357302,0.8255,67.98,bid
1711102045080,0.8247,91.89,ask
1711102638728,0.8261,6.48,bid
1711101658420,0.8255,82.69,ask
1711102413567,0.8281,6.53,bid
1711101782096,0.8266,5.67,ask
1711102638580,0.8290,6.41,bid
1711103005596,0.8294,106.42,bid
1711102898720,0.8290,8.44,bid
1711102178656,0.8290,24.39,bid
1711101942522,0.8298,134.44,ask
1711102296800,0.8312,2.98,ask
1711103285490,0.8287,1.68,bid
1711102240112,0.8280,132.31,ask
1711101778628,0.8293,21.72,ask
1711103279882,0.8296,8.80,ask
1711102280590,0.8315,36.59,ask
1711101920960,0.8316,20.01,ask
1711101075393,0.8285,25.22,bid
1711100230462,0.8256,9.86,bid
1711102410527,0.8266,5.06,bid
1711101364520,0.8280,78.37,bid
1711100297319,0.8279,2.82,ask
1711101180020,0.8297,90.83,ask
1711101801029,0.8283,5.21,ask
1711103203200,0.8227,88.13,ask
1711100359640,0.8259,3.27,bid
1711101934226,0.8251,47.33,ask
1711102178769,0.8271,16.85,bid
1711101916532,0.8290,6.73,ask
1711101029773,0.8293,12.77,ask
1711101857040,0.8289,198.08,bid
1711101644264,0.8288,72.27,bid
1711102484592,0.8273,7.31,ask
1711102763796,0.8274,1.61,ask
1711100468720,0.8257,26.63,bid
1711101018400,0.8261,26.07,bid
1711102163716,0.8254,222.51,ask
1711102061033,0.8249,87.44,bid
1711101860902,0.8246,2.03,ask
1711101341521,0.8254,29.64,bid
1711100840000,0.8267,5.10,bid
1711102215558,0.8275,3.62,ask
1711103310176,0.8253,1.31,bid
1711101758735,0.8262,14.91,bid
1711102108368,0.8255,35.35,ask
1711102726330,0.8259,2.05,ask
1711102341854,0.8227,87.16,bid
1711102589545,0.8203,12.60,ask
1711102131944,0.8203,50.31,ask
1711101248171,0.8219,34.42,bid
1711102242630,0.8219,148.91,bid
1711100515755,0.8196,67.27,ask
1711103179268,0.8209,16.26,ask
1711102793450,0.8229,50.34,bid
1711102154768,0.8237,6.93,bid
1711102279775,0.8259,75.20,ask
1711100719104,0.8262,58.73,bid
1711102187433,0.8241,10.03,bid
1711101665738,0.8231,110.51,ask
1711103330040,0.8225,8.83,ask
1711102516000,0.8238,135.30,bid
1711100546021,0.8253,5.28,bid
1711103128276,0.8282,20.45,bid
1711103385564,0.8282,168.38,bid
1711102751960,0.8310,37.47,bid
1711100187550,0.8305,14.87,bid
1711102492466,0.8334,65.73,ask
1711101570440,0.8346,134.32,bid
1711102309216,0.8349,3.73,bid
1711102021747,0.8355,74.62,ask
1711102864250,0.8362,5.49,bid
1711101250741,0.8408,56.13,bid
1711100414304,0.8392,15.28,ask
1711100334035,0.8395,9.47,ask
1711103064632,0.8391,51.88,bid
1711100394450,0.8372,3.42,bid
1711102410980,0.8382,6.85,bid
1711102781540,0.8336,12.89,bid
1711100336728,0.8350,2.65,bid
1711102183130,0.8312,135.05,bid
1711101420720,0.8302,9.16,ask
1711100628165,0.8287,18.05,ask
1711100947100,0.8308,29.03,ask
1711103378803,0.8307,22.20,ask
1711100830968,0.8294,81.64,bid
1711103291300,0.8302,43.98,bid
1711100925136,0.8301,79.95,bid
1711100355762,0.8292,136.51,bid
1711103357504,0.8280,33.08,bid
1711100190190,0.8291,5.35,bid
1711101077790,0.8289,132.30,bid
1711101254975,0.8254,52.10,bid
1711102651692,0.8249,33.66,bid
1711100688001,0.8276,36.57,ask
1711102588862,0.8280,139.52,bid
1711103201075,0.8231,117.51,ask
1711100864528,0.8207,8.76,bid
1711100493308,0.8219,1.13,bid
1711103213562,0.8205,174.21,ask
1711101300772,0.8223,182.06,ask
1711100201840,0.8195,13.70,bid
1711102484407,0.8174,6.17,bid
1711101916200,0.8163,10.83,ask
1711102513406,0.8190,20.63,bid
1711102218368,0.8186,69.84,ask
1711102364475,0.8173,63.11,ask
1711100331740,0.8172,22.83,ask
1711102961165,0.8171,29.99,bid
1711102185000,0.8185,12.62,ask
1711100668118,0.8166,14.83,ask
1711101463000,0.8177,12.20,ask
1711101490101,0.8195,1.36,ask
1711102275848,0.8198,36.82,bid
1711102168461,0.8225,23.50,ask
1711101525980,0.8237,24.68,bid
1711101656720,0.8215,10.50,bid
1711100691864,0.8217,5.27,bid
1711101215844,0.8251,35.95,ask
1711101640214,0.8215,39.75,bid
1711101350912,0.8193,25.64,ask
1711100249920,0.8223,20.42,ask
1711100767796,0.8217,58.48,bid
1711101362026,0.8234,92.72,ask
1711102239010,0.8234,152.03,bid
1711102120328,0.8225,59.25,ask
1711103259955,0.8221,11.52,bid
1711102385866,0.8209,73.35,bid
1711100358701,0.8198,2.38,ask
1711100742560,0.8177,37.19,bid
1711100270657,0.8210,20.05,ask
1711102405430,0.8206,6.85,ask
1711100883729,0.8214,110.45,bid
1711101725928,0.8211,51.34,bid
1711100468072,0.8187,85.54,ask
1711101862700,0.8170,27.73,ask
1711102603925,0.8198,134.87,ask
1711103330000,0.8197,50.25,ask
1711102352748,0.8187,127.71,bid
1711100437388,0.8176,79.72,bid
1711102519064,0.8205,22.05,ask
1711103177300,0.8200,97.56,ask
1711100694590,0.8190,47.54,ask
1711102671218,0.8217,10.84,bid
1711103107769,0.8239,175.75,bid
1711100410320,0.8219,102.21,bid
1711101024590,0.8225,33.49,ask
1711101076958,0.8182,51.69,bid
1711101629744,0.8151,11.59,ask
1711101312392,0.8127,78.50,ask
1711101713862,0.8124,25.49,ask
1711103279280,0.8103,32.06,ask
1711102806497,0.8096,87.37,bid
1711101611008,0.8105,73.63,bid
1711103390563,0.8108,27.99,bid
1711103397836,0.8111,58.66,bid
1711103143045,0.8134,17.28,bid
1711101129684,0.8124,20.90,ask
1711100355806,0.8144,108.33,bid
1711101041042,0.8157,9.34,ask
1711101174747,0.8172,78.44,ask
1711100820800,0.8167,6.22,bid
1711103182367,0.8163,25.51,ask
1711103553544,0.8152,28.72,ask
1711101271115,0.8151,60.76,ask
1711102027696,0.8147,28.70,ask
1711102969225,0.8139,19.95,bid
1711102360442,0.8131,5.08,ask
1711103483896,0.8118,210.25,bid
1711101856816,0.8122,136.86,bid
1711103433482,0.8113,13.55,bid
1711100586440,0.8095,73.88,ask
1711101354628,0.8086,61.11,ask
1711100978480,0.8076,9.79,bid
1711101541050,0.8095,4.38,bid
1711101975446,0.8101,32.08,ask
1711102246970,0.8099,138.97,bid
1711102593248,0.8126,89.31,bid
1711103325110,0.8169,73.11,bid
1711100212706,0.8174,89.89,bid
1711102544781,0.8175,86.85,bid
1711103587220,0.8200,13.14,ask
1711102764278,0.8169,53.46,ask
1711101330060,0.8186,6.96,ask
1711102657934,0.8182,25.22,ask
1711100397632,0.8217,107.71,bid
1711102286725,0.8193,80.93,bid
1711101648878,0.8195,7.22,bid
1711101388520,0.8194,14.67,ask
1711103337928,0.8210,230.61,ask
1711101066307,0.8202,1.97,ask
1711102199660,0.8201,76.67,ask
1711100739724,0.8225,1.17,bid
1711102526328,0.8195,14.74,ask
1711103369054,0.8173,57.29,ask
1711101054550,0.8170,3.33,ask
1711100344980,0.8154,34.43,ask
1711100895968,0.8150,27.12,ask
1711100705408,0.8137,20.00,ask
1711101025604,0.8163,32.10,ask
1711101750728,0.8182,43.64,bid
1711100997280,0.8213,0.94,ask
1711100474978,0.8207,2.27,bid
1711100303930,0.8218,3.13,ask
1711101953580,0.8207,78.51,bid
1711100431496,0.8219,31.84,bid
1711103147570,0.8204,31.06,ask
1711100479960,0.8213,87.92,bid
1711103130665,0.8205,24.40,bid
1711102507736,0.8182,14.83,ask
1711100991064,0.8178,52.86,bid
1711102708400,0.8161,7.81,ask
1711102208243,0.8162,135.81,ask
1711101126016,0.8176,39.95,ask
1711102319956,0.8166,99.77,bid
1711101425726,0.8167,111.74,ask
1711103077445,0.8151,111.33,bid
1711100293248,0.8182,30.80,bid
1711103595152,0.8139,11.74,bid
1711103669550,0.8163,71.45,ask
1711103716141,0.8137,3.76,bid
1711103175020,0.8123,35.70,bid
1711100589937,0.8128,7.85,ask
1711102115232,0.8147,120.27,bid
1711100570078,0.8150,68.70,bid
1711102745672,0.8151,6.62,ask
1711100630370,0.8143,18.88,bid
1711101067352,0.8149,53.27,bid
1711100196035,0.8138,0.19,ask
1711101520552,0.8133,86.62,bid
1711102670801,0.8129,1.17,ask
1711101926100,0.8109,78.37,bid
1711100619301,0.8133,131.75,bid
1711102851056,0.8136,34.03,bid
1711101393512,0.8135,13.12,bid
1711102829740,0.8132,60.40,bid
1711102540625,0.8160,65.25,ask
1711102984716,0.8159,28.95,ask
1711103605717,0.8176,14.35,bid
1711103523128,0.8176,12.39,ask
1711101097336,0.8190,113.83,bid
1711101062200,0.8211,19.86,bid
1711101333629,0.8214,10.80,ask
1711102506824,0.8216,31.17,ask
1711100316344,0.8205,36.32,ask
1711101328220,0.8174,107.39,bid
1711101451450,0.8181,90.87,ask
1711100878876,0.8193,43.65,bid
1711103387165,0.8212,68.38,bid
1711102241056,0.8233,36.22,ask
1711102185573,0.8252,96.76,ask
1711101757700,0.8276,108.55,bid
1711100786656,0.8271,74.77,bid
1711100474892,0.8282,125.05,bid
1711102455221,0.8282,22.42,ask
1711103212224,0.8266,40.15,bid
1711101605065,0.8264,32.39,bid
1711101090200,0.8275,49.17,bid
1711101179934,0.8275,76.48,ask
1711101856244,0.8268,15.87,ask
1711100543114,0.8251,0.69,ask
1711100674500,0.8240,19.68,ask
1711101497988,0.8233,0.29,bid
1711102978532,0.8204,25.07,ask
1711101836395,0.8197,1.50,bid
1711103236800,0.8195,64.58,bid
1711100483870,0.8184,119.01,bid
1711102340568,0.8213,4.44,ask
1711103485996,0.8205,9.44,ask
1711101161972,0.8188,9.20,ask
1711101611196,0.8199,78.38,bid
1711103203070,0.8177,17.77,bid
1711101624350,0.8167,47.34,ask
1711101256184,0.8167,33.05,ask
1711100411295,0.8168,33.55,bid
1711101462296,0.8159,96.48,ask
1711101554980,0.8199,60.11,ask
1711103745780,0.8197,49.24,ask
1711100883737,0.8187,8.44,bid
1711100268520,0.8180,35.56,bid
1711103417739,0.8175,73.69,ask
1711102499840,0.8186,76.26,bid
1711101235203,0.8170,19.53,ask
1711100641948,0.8157,57.46,bid
1711100642282,0.8171,80.61,ask
1711101548820,0.8153,3.14,ask
1711102233000,0.8150,11.73,ask
1711100635580,0.8182,31.18,ask
1711101135003,0.8171,83.00,bid
1711103456904,0.8184,44.79,ask
1711103476058,0.8193,21.60,ask
1711101621200,0.8191,47.10,bid
1711103690141,0.8201,44.07,ask
1711103112452,0.8195,11.22,bid
1711101049619,0.8177,35.68,bid
1711100514444,0.8174,20.08,bid
1711101387395,0.8166,12.79,ask
1711102123792,0.8158,26.27,ask
1711102698241,0.8187,20.10,bid
1711103501966,0.8171,61.71,bid
1711101401897,0.8184,2.33,bid
1711102877020,0.8178,20.17,ask
1711103649080,0.8159,47.30,bid
1711101945884,0.8129,47.88,ask
1711101381473,0.8119,55.89,bid
1711103386448,0.8082,58.98,bid
1711102417635,0.8055,4.21,ask
1711102588180,0.8050,41.64,bid
1711103216444,0.8079,20.58,ask
1711102314224,0.8063,53.88,ask
1711102662334,0.8087,55.38,ask
1711102796300,0.8096,35.93,bid
1711102397779,0.8096,157.20,bid
1711101458144,0.8094,23.31,bid
1711101160082,0.8103,20.88,ask
1711101199756,0.8131,43.27,ask
1711102783920,0.8127,118.46,ask
1711101169688,0.8117,4.36,bid
1711102827865,0.8094,29.57,ask
1711103622300,0.8095,55.82,ask
1711102854263,0.8083,28.07,ask
1711101791440,0.8109,17.41,ask
1711102866982,0.8134,10.08,ask
1711101440108,0.8106,267.38,bid
1711100849979,0.8118,31.61,bid
1711102150580,0.8107,44.92,bid
1711102426775,0.8101,77.07,bid
1711103267492,0.8126,102.66,ask
1711100297017,0.8137,2.68,ask
1711102332080,0.8155,66.01,ask
1711101222749,0.8161,10.18,ask
1711103685870,0.8144,0.17,bid
1711100676053,0.8146,73.50,ask
1711102171172,0.8130,53.84,ask
1711101663239,0.8150,32.46,ask
1711100207270,0.8143,24.24,ask
1711103537225,0.8159,65.27,bid
1711103643744,0.8159,49.65,bid
1711103865035,0.8158,44.54,bid
1711102163932,0.8170,42.72,bid
1711100298829,0.8166,19.82,bid
1711103896640,0.8197,31.70,ask
1711103583629,0.8197,46.75,bid
1711100874062,0.8234,25.11,ask
1711100584985,0.8260,43.55,ask
1711101920512,0.8268,38.23,bid
1711101071900,0.8245,18.60,bid
1711101447794,0.8242,30.80,ask
1711101033240,0.8228,48.07,bid
1711103765272,0.8230,66.83,bid
1711102404701,0.8224,18.14,bid
1711100672620,0.8222,16.46,bid
1711103263249,0.8205,29.32,bid
1711102513904,0.8221,120.04,bid
1711101347268,0.8215,306.60,bid
1711103074748,0.8191,197.43,ask
1711103265815,0.8178,48.43,bid
1711101005984,0.8179,8.05,ask
1711101228155,0.8169,29.08,bid
1711103656340,0.8143,29.74,ask
1711102766616,0.8138,107.27,bid
